3120 4928
668 420 905 484 -215-

152 609 274 690 (4621)
293 609 361 693 12):
385 608 459 690 περὶ
483 606 519 670 δὲ
537 612 594 690 τῆς
616 613 771 691 μαντικῆς
793 615 847 691 τῆς
870 608 904 672 ἐν
926 620 993 683 τοῖς
1020 608 1139 684 ὕπνοις
1161 612 1333 692 γενομένης
1355 611 1409 673 καί

151 711 333 794 λεγομένης
357 713 546 792 συμβαίνειν
568 708 637 774 ἀπό
662 715 727 774 τών
749 709 912 775 ἐνυπνίων
935 713 1009 774 οὔτε
1030 713 1273 796 καταφρονῆσαι
1292 712 1409 797 ῥᾴδιον

153 817 236 878 οὔτε
260 816 435 897 πεισθῆναι
458 859 628 878 ......
652 812 690 876 τό
712 837 747 876 τε
768 813 829 896 γάρ
852 815 936 878 θεόν
957 816 1040 878 εἶναι
1058 815 1118 880 τόν
1133 819 1309 898 πέμποντα
1324 818 1409 899 πρὸς

155 926 200 1005 τῇ
224 918 303 1003 άλλη
330 915 449 997 ἀλογίᾳ
472 919 525 980 καὶ
552 918 588 980 τό
614 917 656 1000 μὴ
680 928 747 991 τοῖς
767 919 944 1000 βελτίστοις
966 921 1019 981 καί
1043 921 1302 1002 φρονιμωτάτοις
1324 915 1408 983 ἀλλά

153 1033 231 1095 τοῖς
256 1029 390 1102 τυχοῦσι
420 1024 564 1101 πέμπειν
593 1023 732 1085 ἄτοπον.
784 1024 873 1087 Aber
901 1025 952 1088 die
982 1026 1096 1088 zweite
1123 1026 1183 1089 Art
1213 1027 1349 1090 erkennt
1374 1047 1409 1090 er

158 1146 206 1190 an
241 1127 311 1190 und
345 1126 433 1190 fahrt
461 1126 545 1190 nach
574 1127 637 1190 den
668 1127 753 1190 oben
784 1129 931 1190 citierten
955 1127 1092 1191 Worten
1120 1126 1199 1191 fort:
1228 1127 1312 1190 ἀλλὰ
1344 1129 1408 1212 μὴν

157 1230 217 1290 καί
240 1227 311 1291 ἔνιά
332 1251 367 1306 γε
390 1231 554 1292 τῶνκαθ’
578 1230 686 1292 ὕπνου
710 1231 951 1312 φαντασμάτων
980 1233 1069 1293 αἴτια
1091 1231 1173 1294 εἶναι
1196 1235 1260 1294 τών
1283 1233 1409 1294 οἰκείων
1483 1289 1495 1302 ,

105 1350 110 1355 ·
153 1331 283 1417 ἑκάστῳ
308 1331 456 1414 πράξεσιν
480 1327 539 1396 οὐκ
559 1333 696 1411 ἄλογον·
720 1334 828 1416 ὥσπερ
849 1334 910 1416 γὰρ
931 1335 1100 1416 μέλλοντες
1120 1336 1275 1416 πράττειν
1297 1338 1350 1397 καὶ
1373 1336 1409 1398 έν

158 1446 233 1510 ταῖς
262 1437 418 1517 πράξεσιν
449 1438 540 1510 ὄντες
572 1439 592 1518 ἢ
621 1437 829 1518 πεπραχότες
858 1438 1016 1512 πολλάκις
1043 1437 1253 1520 εόδυονειρίᾳ
1280 1438 1408 1513 τούτοις

157 1539 318 1619 σόνεσμεν
351 1541 405 1600 καὶ
439 1539 635 1622 πράττομεν.
686 1541 775 1604 Doch
810 1542 861 1605 die
897 1562 1009 1621 grosse
1037 1543 1153 1622 Menge
1186 1544 1228 1606 ist
1254 1542 1338 1608 auch
1367 1563 1407 1606 zu

155 1645 270 1706 seiner
299 1643 368 1706 Zeit
396 1643 479 1706 noch
508 1642 575 1706 und
604 1647 685 1706 stets
719 1643 969 1723 aherglfiubisch
998 1664 1147 1724 gewesen
1175 1645 1243 1708 und
1276 1666 1316 1709 zu
1343 1647 1407 1710 den

158 1745 430 1809 Traumdeutern
448 1745 608 1827 gelaufen.
643 1746 852 1828 Theophrast
866 1748 1018 1812 schildert
1032 1749 1124 1811 einen
1139 1748 1271 1813 solchen
1284 1750 1407 1829 Βότρυν

157 1869 243 1930 ganz
271 1849 409 1914 kfistlioh
437 1851 469 1912 in
499 1850 562 1912 den
591 1849 814 1914 Charakteren
838 1853 878 1934 (c.
903 1851 985 1927 XVI,
1018 1851 1092 1933 περὶ
1121 1850 1406 1936 δεισιδαιμονίας)ε

157 1954 213 2014 καλ
243 1954 324 2016 ὅταν
346 1951 501 2015 ἐνύπνιον
529 1951 596 2037 ἴδη,
625 1953 829 2038 πορεύεσθαι
855 1954 938 2035 πρός
968 1954 1044 2027 τούς
1071 1953 1297 2036 ὀνειροκρίτας,
1322 1955 1408 2037 πρός

159 2053 237 2129 τοός
259 2055 400 2137 μάντεις,
428 2054 513 2137 πρὸς
536 2055 612 2129 τοός
635 2050 898 2138 ὄρυιθοσκόπους
925 2056 1101 2142 ἐρωτήσων,
1125 2063 1187 2122 τίνι
1209 2060 1278 2142 θεῷ
1300 2060 1320 2142 ἢ
1341 2063 1408 2140 θεᾷ

159 2157 407 2242 προσεύχεσθαι
431 2158 489 2222 δεῖ.
542 2160 637 2224 Diese
668 2161 910 2225 Traumdeuter
937 2162 1012 2224 sind
1042 2162 1093 2225 die
1122 2163 1270 2226 direkten
1299 2164 1407 2228 Nach-

158 2265 314 2328 kommen
339 2263 444 2344 J'ener,
473 2264 573 2326 deren
601 2264 730 2328 Biicher
759 2265 833 2328 dem
863 2264 1066 2346 Compilator
1088 2266 1244 2345 vorlagen
1274 2269 1312 2350 (c.
1340 2269 1405 2349 87).

159 2367 358 2448 Herophilos
374 2367 527 2431 'scheidet
551 2369 634 2432 auch
657 2369 753 2448 ruhig
776 2369 897 2432 wieder
920 2388 984 2433 von
1009 2367 1073 2432 den
1091 2369 1227 2432 thtern
1247 2372 1406 2450 gesandte

156 2466 408 2553 (θεόπεμπτα),
432 2470 475 2532 im
501 2469 666 2532 Zustande
690 2471 748 2533 des
764 2471 907 2552 Kfirpers
927 2472 1082 2552 (φυσικοί)
1106 2471 1187 2534 oder
1203 2472 1261 2535 des
1278 2473 1406 2538 Geistes

156 2575 402 2655 (πνευματικοί)
425 2572 616 2636 beruhende
645 2573 799 2638 Τεὲιυαιε.
809 2576 832 2657 ¹)
882 2575 1071 2638 Artemidor
1098 2575 1279 2657 behauptet
1308 2597 1405 2655 τινων,

156 2697 196 2742 er
220 2678 267 2751 sei
289 2696 354 2740 von
378 2677 442 2741 den
466 2677 642 2741 Bedenken
667 2680 756 2742 eines
779 2678 970 2742 Aristoteles
994 2678 1053 2741 frei
1068 2679 1133 2741 und
1151 2698 1268 2758 nenne,
1292 2681 1355 2745 wie
1371 2701 1405 2744 es

159 2781 290 2844 Brauch
306 2781 363 2859 sei,
387 2781 467 2845 alles
484 2781 710 2846 Unerwarteie
728 2784 947 2863 gottgesandt‚
971 2783 1051 2846 aber
1073 2802 1107 2845 er
1124 2782 1206 2847 liisst
1222 2783 1306 2848 doch
1321 2785 1406 2850 auch

155 2882 286 2946 Gehete
310 2901 359 2958 zu,
384 2883 452 2946 und
475 2884 652 2947 verordnet
675 2885 721 2947 sie
745 2882 884 2966 sogar.²)
919 2885 961 2948 Er
978 2884 1094 2964 gleicht
1110 2884 1193 2948 auch
1210 2885 1303 2950 darin
1319 2889 1405 2952 noch

155 3055 299 3125 gewissen
319 3053 462 3109 Gemiisen
485 3053 592 3123 (μίνυη,
616 3055 753 3124 σκόροδος,
779 3055 918 3125 κρόμυον).
955 3056 1002 3112 sie
1026 3057 1156 3126 gleichen
1177 3058 1206 3109 in
1225 3059 1322 3113 sofern
1341 3059 1405 3113 dem

155 3141 339 3210 Gompilator
357 3159 413 3195 von
432 3158 460 3191 π.
479 3142 589 3205 διαίτης.

250 3227 269 3296 ¹)
288 3227 368 3284 Plac.
379 3226 414 3294 V,
432 3229 457 3294 2,
475 3231 504 3281 3:
521 3228 662 3296 Ἡρόφιλος
679 3230 731 3278 τῶν
750 3229 861 3295 ὀνείρων
878 3229 939 3288 τοάς
955 3229 1006 3297 μὲν
1018 3229 1204 3295 θεοπέμπτους
1216 3230 1271 3279 κατ’
1285 3227 1407 3296 ἀνάγκην

156 3317 295 3382 γίνεσθαι,
318 3314 377 3372 τοός
401 3314 431 3366 δέ
455 3314 581 3379 φυσικοὺς
602 3314 896 3381 ἀνειδωλοποιουμένης
920 3318 1009 3382 ψυχῆς
1030 3315 1056 3365 τό
1076 3315 1214 3382 συμφέρον
1233 3315 1296 3383 αὐτῇ
1315 3315 1406 3364 καὶτὸ

158 3400 268 3459 πάντας
278 3399 414 3469 ἐσόμενον,
433 3402 493 3459 τοὺς
505 3400 536 3452 δὲ
548 3400 744 3467 πνευματικοάς
757 3399 851 3467 (Diels
864 3399 1097 3468 συγκραματικυός
1111 3399 1205 3468 codd.)
1219 3401 1274 3450 κατ’
1288 3399 1407 3450 εἰδώλων

156 3487 339 3554 πρόσπτωσιν,
363 3487 427 3538 ὅταν
451 3488 468 3536 ἃ
492 3487 647 3554 βουλόμεθα
670 3487 811 3553 βλέπωμεν
835 3487 870 3544 ώς
887 3487 931 3536 ἐπὶ
948 3486 1001 3536 τών
1018 3486 1065 3544 τὰς
1083 3486 1219 3553 ἐρωμένας
1236 3485 1360 3554 ὁρώντων
1378 3487 1407 3536 ἐν

158 3572 237 3640 ὕπνῳ
255 3555 379 3640 γίνεται.Ι
402 3573 476 3626 Dass
494 3572 584 3626 Diels'
604 3572 770 3640 Konjektur
787 3571 894 3641 richtig
913 3572 958 3636 ist,
976 3570 1046 3641 geht
1064 3587 1114 3624 aus
1128 3571 1299 3624 Aristoteles
1318 3571 1407 3638 (46οο

155 3659 206 3727 21)
227 3659 342 3713 hervor:
360 3659 400 3711 ότὲ
419 3659 449 3711 δὲ
466 3661 663 3727 τεταραγμέναι
682 3661 827 3724 φαίνονται
845 3661 875 3710 αἱ
891 3659 968 3724 ὄφεις
980 3658 1027 3708 καὶ
1038 3656 1193 3724 τερατώδεις
1205 3657 1251 3706 καί
1264 3658 1311 3706 οὐκ
1323 3657 1406 3724 ἐρρω-

155 3745 232 3814 μένα
255 3745 288 3796 τά
310 3743 431 3806 ένόπνια,
455 3743 513 3797 οἷον
530 3748 584 3803 τοῖς
602 3745 810 3813 μελαγχολικοῖς
828 3746 874 3796 καὶ
892 3746 1044 3814 πυρέττουσι
1062 3744 1107 3793 καί
1125 3743 1294 3810 οἰνωμένοις·
1318 3743 1407 3793 πάντα

159 3832 216 3898 γὰρ
239 3833 346 3881 τοιαῦτα
365 3829 441 3894 πάθη
464 3828 690 3897 πνευματώδη
707 3829 771 3880 ὄντα
789 3830 887 3894 πολλὴν
904 3832 976 3880 ποιεῖ
996 3831 1100 3892 κίνησιν
1118 3828 1164 3877 καί
1182 3826 1310 3895 ταραχήν,
1334 3827 1407 3880 dazu

158 3914 190 3970 S.
209 3915 270 3968 464.

249 3999 271 4069 ²)
290 3997 318 4058 S.
334 4000 373 4066 13,
391 4001 408 4054 8
425 3998 476 4068 οὐχ
491 3997 593 4068 ὁμοίως
611 4000 641 4052 δὲ
654 4000 704 4050 νῦν
716 3999 776 4067 ἐγώ,
796 4000 830 4058 ώς
842 4000 1016 4068 Ἀριστοτέλης,
1036 3998 1168 4067 διαπορώ,
1182 3997 1293 4066 πότερον
1304 3998 1407 4057 ἔξωθεν

158 4088 228 4156 ἡμῖν
251 4086 302 4136 ἔστι
323 4086 370 4136 τοό
392 4085 560 4154 ὀνειρώσσειν
583 4087 597 4150 ἢ
620 4089 692 4138 αἰτία
715 4087 766 4136 ὑπὸ
785 4089 850 4137 θεοῦ
868 4088 998 4154 γινομένη
1016 4084 1030 4149 ἢ
1049 4084 1131 4136 ἔνδον
1149 4083 1234 4134 αἴτιόν
1251 4101 1284 4149 τι,
1308 4083 1407 4151 όὴμῖν

157 4173 301 4236 διατίθησι
321 4172 367 4235 τὴν
390 4175 481 4240 φυχην
498 4173 544 4222 καὶ
566 4175 637 4223 ποιεῖ
655 4172 732 4237 φύσει
750 4172 914 4240 συμβεβηκός
932 4171 1004 4241 αὐτῇ,
1028 4170 1096 4220 ἀλλά
1114 4169 1273 4237 θεόπεμπτα
1292 4169 1342 4233 ἤδη
1361 4169 1407 4220 καί

158 4260 190 4309 ἐν
208 4259 238 4327 τῇ
257 4259 384 4325 συνηθείᾳ
404 4257 540 4309 πάντατά
560 4258 747 4326 ἀπροσδόκητα
766 4258 910 4325 καλοῦμεν.
946 4257 974 4312 S.
987 4259 1047 4324 206,
1065 4259 1081 4309 9
1100 4253 1113 4305 ό
1131 4254 1182 4321 μέν
1199 4257 1253 4323 γὰρ
1266 4256 1328 4313 θεὸς
1341 4257 1408 4323 πρός

159 4343 189 4393 τό
214 4341 418 4411 ἀποβησόμενον
441 4343 539 4394 δι’δωσι
561 4344 620 4401 τούς
643 4344 762 4412 ὀνείρους
782 4343 811 4412 τῇ
830 4344 904 4412 ψυχῇ
921 4343 967 4393 τοῦ
983 4341 1098 4410 ὁρῶντος
1115 4338 1193 4406 φύσει
1209 4341 1326 4410 μαντικῇ
1344 4340 1407 4409 οὔσῃ
