3120 4928
659 394 897 487 -193-

152 581 278 647 schnell
302 601 342 645 zu
366 580 543 673 hemerken
566 581 634 644 und
658 582 729 646 ihre
745 582 953 663 Beseiiigung
976 581 1079 646 durch
1097 581 1308 646 diaeteiische
1327 582 1401 647 Ver-

152 686 352 766 ordnungen
385 684 612 775 anzubahnen.
680 685 739 749 Die
772 686 889 750 Fehler
922 686 1052 750 kdnnen
1087 685 1210 750 freilich
1245 687 1329 751 auch
1363 706 1401 751 so

154 810 248 871 gross
272 788 416 867 werden,
441 789 516 854 dass
540 789 587 853 sie
610 808 674 854 nur
696 790 800 854 durch
822 790 1045 854 Arzneimittei
1069 788 1253 872 (φάρμακα)
1282 791 1402 871 geheili
1456 777 1457 780 ¹

155 893 290 959 werden
306 893 438 956 kdnnen
454 892 535 981 oder
551 892 739 975 iiberhaupi
754 893 929 957 unheilbar
944 893 1018 957 sind
1041 893 1156 974 (ταῦτα
1172 892 1207 957 δὲ
1222 894 1402 978 φαρμάκων

156 997 260 1061 δεῖται
283 994 354 1080 ἤδη,
378 993 446 1058 ἔστι
469 982 505 1058 δὲ
528 996 612 1058 ἄσσα
635 989 715 1059 οὐδὲ
737 994 803 1060 ὑπὸ
826 1003 891 1060 τῶν
913 995 1094 1080 φαρμάκων
1117 995 1255 1060 ὀνίναται
1272 996 1400 1076 ὑγιάζε-

154 1103 263 1185 σδαι).
303 1101 367 1165 Der
383 1101 581 1164 Diaetetiker
603 1099 672 1165 helt
688 1101 826 1166 Medizin
849 1101 902 1166 fiir
926 1101 1104 1183 gefhhrlich
1120 1102 1189 1166 und
1205 1103 1336 1166 wendet
1356 1102 1401 1166 sie

156 1224 219 1269 nur
242 1205 286 1268 im
311 1207 501 1268 {iussersien
524 1203 666 1268 Notfalle
693 1203 780 1287 an.¹)

243 1305 372 1388 Kapiiel
396 1305 438 1371 68
461 1305 531 1369 ieili
553 1325 616 1370 uns
632 1306 723 1369 nicht
739 1305 791 1370 die
807 1305 990 1387 Erfindung
1004 1307 1072 1384 mit,
1097 1306 1238 1371 sondern
1258 1309 1402 1372 schreibt

155 1411 217 1474 der
241 1429 378 1490 grossen
400 1409 517 1490 Menge
536 1410 595 1473 der
609 1409 785 1473 Menschen
809 1410 906 1492 (τοῖσι
929 1407 1081 1472 πολλοῖσι
1108 1409 1173 1472 τῶν
1196 1394 1406 1494 ἇνδρώπωνη

156 1522 226 1586 τοϊς
248 1511 395 1586 ἰδιώταις
400 1539 412 1590 ,·
437 1518 481 1596 τῷ
504 1510 638 1596 πλήθει)
662 1513 714 1576 die
730 1513 958 1599 Lebensweise
981 1515 1024 1577 im
1042 1533 1166 1594 ganzen
1182 1513 1280 1578 Jahre
1297 1533 1403 1595 genau

157 1636 227 1682 vor.
278 1615 319 1680 Es
349 1616 390 1679 isi
419 1614 473 1679 fdr
494 1615 557 1680 alle
582 1613 762 1697 diejenigen
787 1616 965 1690 bestimmi‚
994 1617 1116 1680 welche
1139 1622 1293 1696 vermdge
1316 1618 1403 1681 ihres

156 1720 301 1784 Scandes
330 1719 398 1782 und
430 1719 565 1784 Beruies
596 1739 797 1800 gezwungen
827 1721 909 1798 sind,
938 1721 990 1785 ein
1013 1721 1269 1802 unbesihndiges
1292 1721 1404 1785 Leben

158 1844 201 1888 zu
223 1823 354 1900 fdhren‚
377 1824 654 1904 Ansirengungen
677 1843 717 1887 zu
744 1826 906 1904 ertragen,
935 1825 1029 1888 weite
1054 1824 1155 1904 Wege
1185 1821 1405 1911 (ὁδοιπορίῃσι

158 1928 232 2011 τῇσι
255 1925 340 2017 πρὸς
362 1923 520 2009 ἀνάγκας)
544 1945 584 1990 zu
607 1926 744 1991 macheu
762 1927 842 1990 oder
857 1927 1053 1991 Seefahrien
1068 1926 1358 2016 (θαλασσουργίησι
1371 1951 1406 1990 τε
1467 1927 1470 1949 ²

158 2029 232 2115 ιη’σι
257 2029 355 2110 πρὸς,
371 2027 426 2114 την
457 2027 618 2113 συλλογὴν
642 2034 702 2092 τοῦ
727 2029 813 2114 βίον)
851 2049 891 2093 zu
925 2032 1175 2109 unternehmen‚
1210 2033 1303 2096 Hiize
1337 2031 1407 2118 und

159 2133 256 2199 Keilte
279 2134 324 2197 im
346 2133 544 2198 Uebermass
568 2153 608 2197 zu
632 2137 794 2215 eriragen.
838 2135 897 2197 Die
922 2133 1143 2200 Vorschriften
1170 2136 1315 2216 gliedern
1338 2135 1406 2201 sich

93 2248 95 2252 ’
159 2237 245 2302 nach
279 2236 342 2302 den
369 2236 604 2313 Jahreszeitem
640 2237 699 2301 der
737 2257 777 2326 zu
805 2236 938 2300 Grunde
967 2237 1093 2318 gelegte
1128 2239 1291 2303 Kalender
1325 2240 1406 2304 wird

158 2344 274 2423 spiter
288 2340 465 2404 beliandeh
480 2339 612 2404 werden
628 2341 674 2422 (S.
692 2340 779 2423 224).
807 2341 854 2405 Im
871 2340 1009 2422 iibrigen
1025 2341 1112 2405 steht
1130 2342 1188 2406 der
1204 2341 1405 2424 Compilator

160 2445 285 2509 wieder
308 2444 367 2508 auf
389 2444 536 2508 fremden
560 2443 742 2536 Schuliern.
793 2443 869 2508 Dies
892 2444 934 2508 ist
957 2445 1043 2508 oben
1068 2445 1115 2526 (S.
1139 2443 1194 2526 88)
1220 2465 1279 2509 aus
1306 2446 1405 2528 alige-

161 2548 293 2633 meinen
317 2547 473 2611 Griinden
496 2550 661 2611 vermuiet
677 2548 811 2612 worden
835 2551 904 2612 und
927 2548 1010 2612 lissi
1033 2549 1105 2638 sich
1116 2548 1214 2612 leicht
1229 2549 1405 2627 beweisen‚

161 2651 235 2716 weil
264 2652 316 2715 die
340 2649 478 2732 Vorlege
508 2651 594 2716 noch
621 2655 718 2716 unter
747 2651 812 2715 den
839 2653 1128 2734 hippokratischen
1156 2653 1320 2718 Schriften
1355 2673 1406 2717 er·

161 2757 274 2828 halten
297 2756 352 2830 ἱείς
376 2755 427 2819 ich
450 2755 559 2818 meine
583 2754 642 2818 das
666 2758 753 2818 erste
775 2755 905 2837 Kapiiel
934 2756 992 2820 des
1016 2755 1152 2820 Werkes
1181 2756 1256 2840 περὶ
1284 2755 1407 2840 διαίτης

159 2856 314 2936 δγιεινδς.
361 2859 572 2941 Vergleichen
595 2861 654 2924 wir
678 2861 836 2924 dasselbe.

206 2979 247 3042 VI
270 2979 302 3044 S.
331 2980 372 3045 72
409 2981 469 3043 τοῦ
505 2979 565 3061 μὲν
601 2985 757 3061 χειμῶνος
854 2982 929 3064 594,
954 2981 996 3045 10
1021 2978 1056 3044 ἐν
1082 2979 1141 3061 μὲν
1170 2968 1229 3045 οὖν
1261 2987 1305 3066 τῷ
1337 3006 1406 3064 χει-

158 3081 287 3146 ἐσθίειν
306 3081 350 3156 ολς
369 3081 518 3158 πλεῖστα,
539 3087 647 3146 πίνειν
664 3082 700 3146 δὲ
716 3082 759 3156 ὠς
811 3088 894 3164 μῶνι
923 3085 1077 3168 συμφέρει
1100 3128 1238 3149 .....
1261 3095 1345 3149 τοῖσι
1371 3084 1408 3148 δὲ

158 3184 330 3266 ἐλάχιστα·
357 3187 440 3249 εἶναι
459 3187 494 3252 δὲ
520 3185 579 3270 χρὴ
602 3185 640 3248 τὸ
663 3184 760 3266 πόμα
812 3186 999 3268 διαιτήμασι
1043 3189 1185 3272 χρῆσθαι
1228 3197 1311 3252 τοῖσι
1348 3190 1406 3272 ξη-

160 3290 255 3354 σίνον
278 3287 340 3365 ὥς,
368 3283 617 3375 άκρητέστατον,’
648 3288 690 3351 τὰ
723 3289 759 3353 δὲ
812 3301 988 3373 ραντικοϊσι
1011 3293 1063 3352 καὶ
1087 3294 1332 3374 θερμαντικοῖσι
1354 3291 1408 3359 καὶΙ

160 3395 249 3456 σιτία
283 3395 383 3476 ἄρτον
416 3393 470 3455 καὶ
503 3393 544 3456 τὰ
571 3394 643 3478 ὄψα
672 3391 760 3456 ὅπτὰ
813 3405 1050 3475 σογκομιστοῖσι
1069 3393 1122 3455 καὶ
1145 3387 1322 3478 ἀκρήτοισι,
1346 3393 1407 3476 ἆρ-

161 3494 285 3576 πάντα,
311 3495 482 3576 λαχάνοισι
515 3495 551 3570 δὲ
577 3495 619 3570 cic
647 3495 759 3576 ἒλοιχί-
812 3506 949 3559 τοσιτεῖν
987 3495 1023 3559 δὲ
1060 3496 1187 3579 μᾶλλον
1219 3498 1272 3559 καὶ
1305 3506 1409 3560 τοῖσιν

160 3615 269 3662 στοισι
289 3602 432 3683 χρῆσθαι
453 3598 572 3682 ταύτην
587 3601 645 3683 τὴν
664 3601 759 3683 ὥρην.
812 3599 945 3663 ὀπτοῖσι
985 3605 1050 3664 τῶν
1093 3600 1192 3684 ὄψων
1228 3599 1353 3681 μᾶλλον
1390 3603 1409 3681 ἢ

160 3701 250 3766 οὕτω
278 3702 340 3786 γάρ
367 3706 408 3766 ἄν
435 3703 574 3783 μάλιστα
602 3701 639 3764 τὸ
668 3707 760 3784 σῶμα
811 3702 948 3787 ἑφθοῖσι
975 3705 1117 3787 χρῆσθαι
1144 3705 1197 3765 καὶ
1228 3712 1311 3766 τοῖσι
1340 3701 1407 3765 πό-

161 3803 261 3888 ξηρόν
282 3827 316 3867 τε
336 3808 384 3888 τίη
407 3807 459 3867 καλ
483 3805 619 3889 θερμόν.
813 3827 891 3888 μασι
922 3805 1036 3888 μέλασι
1070 3806 1322 3889 ἀκρητεστέροισι
1356 3805 1409 3865 καὶ

255 3977 273 4047 ¹)
293 3976 321 4033 S.
340 3978 400 4046 588,
419 3979 436 4032 3
458 3978 486 4029 ιδ
508 3977 560 4047 μὲν
583 3973 630 4028 οδν
653 3977 820 4048 ὑπερβάλλον
838 3979 923 4046 ὑγρὸν
941 3978 1102 4046 ἐξερεύγεται
1119 3979 1133 4042 ἢ
1153 3977 1225 4046 σάρξ,
1244 3978 1272 4028 ιδ
1292 3976 1322 4028 δὲ
1340 3975 1408 4045 σίμ-

160 4081 265 4133 μετρον
288 4066 335 4115 οὐκ
358 4065 476 4131 ἀφίησιν,
499 4066 525 4115 τί
544 4065 582 4132 μὴ
606 4065 653 4115 διὰ
676 4067 734 4130 βίης
756 4063 770 4128 ἢ
793 4063 948 4133 φαρμάκων
972 4065 986 4126 ἢ
1009 4064 1101 4115 πόνων
1119 4064 1133 4128 ἢ
1153 4064 1230 4129 ἄλλης
1247 4064 1317 4123 τινδς
1336 4064 1408 4114 άντι-

159 4150 290 4213 σπάσιος;
314 4150 373 4219 620,
399 4147 450 4213 λῆ
473 4138 525 4219 μὲν
544 4151 671 4219 ταχυτέρη
689 4153 820 4220 δεραπείη
837 4150 974 4218 ἑλλέβορον
992 4152 1107 4202 πίσαντα
1126 4148 1299 4218 προσάγειν.
1319 4187 1325 4199 .
1344 4187 1350 4200 .
1370 4147 1410 4212 ,ἦ

160 4236 196 4289 δὲ
216 4236 365 4305 βραάυτὲρη
383 4235 434 4288 ὑπὸ
453 4239 496 4299 τῆς
514 4235 668 4299 διαιτήσιος;
687 4238 745 4305 614,
759 4238 775 4290 6
788 4238 812 4287 εί
823 4236 853 4287 δὲ
864 4236 901 4304 μη
915 4235 1034 4300 βούλοιτο
1047 4237 1282 4304 φαρμακοποτεῖν,;
1295 4234 1355 4303 558,
1372 4235 1410 4288 13.

161 4323 222 4393 vgl.
244 4322 338 4390 Plato,
357 4323 416 4373 πολ.
434 4322 460 4376 V
478 4323 528 4376 459
540 4320 574 4389 03
593 4339 621 4374 τι.
640 4323 729 4374 τόπων
746 4323 799 4374 τῶν
817 4324 871 4373 κατ’
891 4322 972 4390 άνδρ.
991 4338 1014 4375 c.
1034 4321 1080 4388 453
1100 4320 1175 4375 oben
1193 4319 1221 4376 S.
1241 4322 1265 4375 8.

218 4423 332 4478 Philoloss.
346 4423 564 4477 Untersuchungen
577 4422 630 4469 XV.
1170 4425 1201 4478 13
