3120 4928
733 385 968 447 -116-

315 571 355 635 X.
392 569 450 634 ἑνὶ
485 570 527 634 δὲ
564 571 665 653 λόγῳ
703 569 834 634 πάντα
870 570 1159 655 διεκοσμήσατο
1195 571 1294 633 κατὰ
1327 570 1483 654 τρόπον

228 672 320 738 αύτά
354 671 481 757 ἑωυτῷ
513 673 557 736 τά
595 672 636 738 όν
668 680 718 756 τῷ
744 673 889 755 σώματι
924 673 966 737 τό
1000 673 1093 757 πῦρ·
1123 666 1375 757 ἀπομίμησιν
1409 681 1483 740 τοῦ

229 778 338 841 ὅλου·
362 777 478 860 μικρὰ
499 778 600 859 πρὸς
625 776 775 858 μεγάλα
797 778 862 839 καλ
886 777 1036 858 μεγάλα
1055 777 1156 862 πρὸς
1176 777 1308 861 μικροί.
1358 782 1481 865 κοιλίην

231 885 285 965 μὲν
312 885 364 966 τὴν
395 885 549 966 μεγίστην,
581 883 665 946 ὕδατι
695 880 780 968 ξηρῷ
805 885 856 947 καὶ
888 884 972 970 ὑγρῷ
1004 888 1152 966 ταμιεῖον,
1188 885 1295 946 δοῦναι
1327 888 1403 947 πᾶσι
1430 887 1484 947 καὶ

194 989 328 1070 ολαβεῖν
363 986 445 1070 παρὰ
482 988 614 1050 πάντων·
653 983 861 1068 θαλάσσης
899 982 1083 1065 δύναμιν·
1121 983 1229 1068 ζῴων
1266 985 1483 1069 συμφόρων

229 1087 393 1170 τροφόν,
419 1085 661 1171 ἀσυμφόρων
683 1087 725 1150 δὲ
747 1085 924 1171 φθορύν·
951 1092 1019 1174 περὶ
1041 1090 1075 1152 δὲ
1097 1090 1206 1173 ταύτην
1227 1089 1337 1159 ὕδατος
1355 1094 1481 1175 ψυχροῦ

178 1258 182 1262 ,
229 1195 279 1256 καὶ
306 1195 399 1277 ὑγροῦ
428 1193 582 1271 σύστασιν,
610 1193 746 1265 διέξοδον
775 1192 945 1276 πνεύματος
973 1197 1092 1278 ψυχροῦ
1123 1194 1173 1256 καὶ
1199 1193 1334 1277 θερμοῦ·
1372 1191 1481 1256 ἀπο-

229 1299 391 1377 μίμησιν
446 1293 514 1374 γῆς
568 1295 615 1356 τὰ
668 1293 990 1358 ἐπεισπίπτοντα
1045 1293 1176 1358 πάντα
1232 1288 1484 1378 ἀλλοιούσης.

229 1399 448 1462 καταναλίσκον
494 1399 528 1461 δὲ
571 1400 621 1461 καὶ
664 1395 757 1470 αῦίον
804 1398 942 1462 σκέδασιν
988 1399 1097 1468 ύδατος
1141 1403 1252 1463 λεπτοῦ
1290 1402 1340 1464 καὶ
1385 1402 1483 1485 πυρὸς

178 1516 211 1564 10
230 1502 397 1583 ἐποιήσατο
443 1502 561 1584 ἠερίου,
607 1501 740 1584 ἀφανέος
777 1503 826 1564 καὶ
868 1505 1011 1585 φανεροῦ,
1056 1502 1116 1564 ἀπὸ
1160 1505 1215 1565 τοῦ
1262 1503 1483 1587 συνεστηκότος

230 1601 397 1687 ἀπόκρισιν,
430 1604 461 1666 ἐν
491 1597 518 1687 ᾦ
551 1602 705 1688 φερόμενα
738 1604 770 1672 ἐς
797 1606 830 1666 τὸ
862 1604 990 1688 φανερὸν
1024 1606 1190 1687 ἀφικνεῖται
1223 1606 1352 1669 ἕκαστον
1389 1606 1483 1690 μοίρᾳ

229 1707 423 1791 πεπρωμένη
452 1709 483 1770 ἐν
512 1709 546 1770 δὲ
575 1708 674 1792 τούτῳ
706 1709 869 1792 ἐποιήσατο
891 1708 972 1787 <τὸ>
992 1712 1053 1792 πῦρ
1076 1707 1236 1792 περιόδους
1257 1711 1392 1792 τρισσάς,
1417 1730 1482 1771 πε-

229 1808 407 1889 ραινούσας
429 1809 517 1891 πρὸς
539 1809 664 1892 ἄλληλα
686 1809 739 1872 καὶ
762 1811 824 1872 ἔσω
846 1812 900 1872 καλ
920 1808 997 1886 ἔξω·
1020 1809 1057 1872 αί
1077 1809 1137 1891 μὲν
1152 1809 1236 1892 πρὸς
1250 1810 1292 1873 τὰ
1305 1811 1403 1876 κοῖλα
1418 1819 1484 1875 τῶν

229 1911 350 1994 ύγρῶν,
374 1917 500 1998 σελήνης
524 1914 662 1996 δύναμιν,
686 1909 722 1974 αἳ
744 1913 781 1976 δὲ
804 1912 903 1998 [πρὸς
925 1913 984 1995 την
1005 1911 1066 1988 ἔξω
1089 1913 1289 1998 περιφορὰν]
1313 1913 1401 1996 πρός
1425 1913 1484 1977 τὸν

78 2020 91 2041 ’
178 2031 211 2080 15
229 2019 422 2097 περίεχοντα
446 2015 567 2093 πάγον,
593 2017 711 2102 ἀστρων
735 2018 870 2102 δύναμιν,
893 2012 929 2079 αἳ
951 2015 988 2079 δὲ
1010 2019 1105 2096 μέσαι
1119 2017 1174 2078 καὶ
1190 2017 1251 2079 ἔσω
1266 2018 1320 2078 καὶ
1338 2018 1401 2092 ἔξω
1417 2040 1482 2080 πε-

229 2122 414 2200 ραίνουσαι·
459 2119 501 2181 τό
546 2118 798 2201 θερμότατον
839 2121 905 2182 καὶ
941 2118 1212 2203 ἴσχυρότατον
1249 2126 1346 2203 πῦρ,
1384 2123 1482 2201 ὅπερ

230 2223 390 2286 πάντων
413 2233 559 2303 κρατεῖ,
591 2223 731 2287 διίπον
758 2226 904 2287 ἕκαστα
931 2224 1032 2286 κατὰ
1059 2223 1197 2307 φύσιν,
1224 2226 1398 2288 ἄθικτον
1420 2225 1482 2287 καλ

229 2329 250 2390 ὅ
258 2338 323 2409 ψει
345 2328 410 2388 καλ
427 2327 576 2411 ψαύσει
591 2325 631 2390 ἐν
645 2326 771 2412 τούτῳ
787 2328 926 2412 [ψύχη]
939 2327 1044 2402 νόος,
1057 2326 1266 2411 φρόνησις,
1284 2329 1481 2413 [αὔξησις]

230 2432 373 2505 ὕπνος,
402 2429 568 2512 ἔγερσις·
596 2437 715 2493 τοῦτο
745 2429 875 2493 πάντα
908 2430 979 2493 διὰ
1009 2437 1163 2504 παντὸς
1197 2432 1482 2515 κοβερνᾷ,,καλ

177 2550 211 2597 20
228 2534 322 2597 τάδε
344 2535 409 2596 καλ
431 2532 584 2608 ἐκεῖνα,
608 2526 810 2596 ούδέποτε
835 2533 1060 2615 ἀτρεμίζον.

314 2639 368 2703 xl.
404 2635 441 2700 οἳ
464 2636 506 2699 δὲ
528 2637 743 2720 ἄνθρωποι
764 2635 806 2698 ἐκ
827 2643 904 2700 τῶν
931 2642 1113 2720 φανερῶν
1139 2637 1187 2698 τὰ
1209 2635 1366 2720 ἀφανέα
1388 2640 1480 2701 σκέ-

229 2745 410 2804 πτεσθαι
434 2740 504 2804 ούιι
526 2739 771 2805 ἐπίστανται.
810 2745 969 2827 τέχνῃσι
983 2742 1056 2824 γὰρ
1070 2741 1276 2824 χρεόμενοι
1292 2740 1482 2828 ὁμοίησιν

230 2846 408 2928 ἀνθρωπίνῃ
433 2842 551 2926 φύσει
577 2836 622 2906 ού
649 2841 924 2921 γινώσκουσιν.
969 2847 1074 2908 θεῶν
1100 2844 1173 2926 γὰρ
1200 2843 1294 2918 νόος
1320 2844 1483 2921 ἐδίδαξε

229 2949 446 3026 μιμεῖσθαι
477 2946 522 3008 τά
554 2944 725 3022 ἑωυτῶν,
758 2946 1028 3025 γινώσκοντας
1060 2951 1083 3009 ἀ
1117 2951 1301 3011 ποιέουσι
1336 2949 1404 3011 καὶ
1438 2943 1482 3014 ού

178 3048 495 3126 κογινώσκοντας
527 3051 551 3110 ἃ
585 3052 806 3130 μιμέονται.
866 3050 1001 3114 πάντα
1037 3051 1108 3134 γάρ
1146 3053 1269 3133 ὅμοια
1305 3051 1483 3134 ἀνόμοια

228 3150 344 3216 ἐόντα
369 3152 435 3214 καὶ
464 3150 648 3235 σύμφορα
675 3152 807 3216 πάντα
835 3153 1011 3237 διάφορα
1037 3153 1174 3230 ἐόντα,
1209 3154 1483 3237 ἀιαλεγόμενα

229 3253 275 3320 ού
302 3255 580 3336 διαλεγόμενα,
609 3256 763 3340 γνώμην
796 3256 938 3338 ἔχοντα
964 3256 1183 3338 ἀγνώμονα.
1236 3256 1483 3332 ὑπεναντίος

229 3359 246 3424 ό
272 3361 421 3446 τρόπος
449 3360 620 3425 ἑκάστων
646 3361 975 3443 ὁμολογούμενος.
1017 3360 1137 3441 νόμος
1159 3360 1234 3445 γάρ
1256 3362 1320 3423 καὶ
1343 3361 1480 3445 φύσις,

229 3463 309 3526 οἷσι
331 3464 462 3528 πάντα
485 3465 840 3548 διαπρησσόμεθα,
870 3464 940 3546 οὔχ
967 3464 1227 3545 ὁμολογεῖται
1254 3463 1480 3545 ὁμολογεό-

177 3581 339 3648 3ομενα·
375 3568 499 3649 νόμον
525 3569 594 3650 μὲν
620 3571 833 3652 ἄνθρωποι
859 3567 1007 3632 ἔθεσαν
1032 3569 1147 3633 αὐτοὶ
1174 3567 1404 3645 ἕωοτοῖσιν,
1439 3568 1483 3634 ού

229 3671 492 3747 γινώσκοντες
529 3673 617 3755 περὶ
654 3664 705 3736 ὧν
747 3674 912 3748 ἔθεσαν,
956 3673 1075 3754 φύσιν
1113 3672 1154 3734 δὲ
1192 3671 1354 3734 πάντων
1393 3675 1483 3737 θεοὶ

316 3879 340 3931 ·2.
358 3879 445 3946 ἑωυτῷ
463 3878 495 3928 ui
514 3896 568 3932 om.
587 3883 615 3928 θ.
651 3881 676 3932 4.
696 3879 775 3930 ύιλατι
794 3897 848 3932 om.
866 3879 904 3932 M.
940 3881 964 3931 5.
983 3879 1140 3945 συντρόφων
1158 3881 1179 3927 θ
1197 3878 1335 3947 ἔντρόφων
1355 3880 1393 3934 R.
1412 3899 1483 3937 corr.

230 3966 297 4019 Wil.
340 3968 363 4019 7.
383 3965 513 4025 σύστασις,
532 3965 653 4024 διέξοδος
671 3966 708 4019 Μ.
750 3969 774 4020 9.
793 3967 1020 4016 καταναλίσκοντα
1043 3965 1074 4016 di
1092 3961 1175 4024 αύξον
1192 3965 1260 4020 θΜ.
1279 3983 1352 4020 corr.
1374 3969 1484 4040 Zwing.

232 4053 271 4105 10.
289 4055 318 4105 θ.
337 4053 399 4120 περὶ
417 4046 450 4103 ού
467 4052 504 4104 Μ.
523 4052 586 4119 περὶ
604 4054 652 4101 οὐκ
670 4053 702 4106 R.
723 4053 838 4118 ἀραιυύί
877 4052 914 4105 11.
934 4055 962 4106 θ.
981 4068 1040 4118 φορ.
1059 4050 1148 4101 πάντα
1166 4051 1200 4106 R.
1241 4053 1282 4104 14.
1300 4053 1439 4123 ίπιφορῆν
1456 4061 1484 4116 θ,

231 4139 269 4190 17.
288 4141 317 4187 θ.
336 4139 515 4205 ἐπικρατεῖται
533 4137 567 4191 R.
603 4138 709 4188 ιίοικιον
727 4142 756 4187 θ.
782 4138 893 4203 ἄφορον
911 4137 945 4190 R.
964 4154 1037 4190 corr.
1056 4136 1193 4205 Bernays.
1231 4138 1271 4191 19.
1286 4141 1308 4188 θ
1321 4139 1397 4194 aber
1411 4142 1483 4211 φυχιὶ

228 4224 287 4275 und
311 4222 416 4287 αὔξησις
438 4223 503 4277 sind
526 4242 561 4277 zu
585 4223 687 4292 tilgen3
711 4236 743 4289 φ.
765 4224 832 4284 νόος,
857 4241 903 4290 φρ.
922 4223 1034 4287 αὔξησις,
1058 4225 1169 4288 κίνησις,
1190 4225 1309 4290 μόνοις,
1334 4225 1484 4288 διάλλαξις,

229 4308 319 4367 ύπνος,
338 4309 496 4378 ἐγρήγορσις
508 4309 546 4367 Μ.
564 4309 621 4379 vgl.
641 4308 670 4365 S.
692 4312 748 4364 144.
786 4311 827 4368 20,
846 4308 1046 4378 ἀτρεμίζωνΜ.
1081 4309 1123 4363 26.
1142 4312 1172 4361 θ.
1191 4309 1237 4360 καὶ
1254 4309 1346 4362 πάντα
1366 4312 1407 4367 Μ.
1461 4372 1464 4377 ¹
