3120 4928
729 438 965 503 -118-

315 626 407 690 ταύτὰ
430 629 540 712 πάσχει
567 628 739 712 ἄνθρωπος.

315 729 382 793 XV.
418 739 573 804 σκυτεῖς
606 731 653 793 τὰ
686 730 758 795 δλα
796 731 894 794 κατὰ
925 733 1043 812 μέρεα
1077 733 1299 813 διαιρέουσι
1331 733 1400 795 καὶ
1433 735 1483 795 τὰ

229 835 344 916 μέρεα
382 833 452 895 ὅλα
494 837 690 897 ποιέουσι·
732 836 938 916 τέμνοντες
980 833 1024 898 δέ
1065 839 1128 896 καλ
1165 838 1398 910 κεντέοντες
1433 835 1482 898 τὰ

229 935 363 1019 σαθρὰ
385 934 498 1013 δγιέα
521 938 716 1000 ποιέουσι.

194 1051 210 1101 5
315 1042 365 1103 καὶ
391 1039 554 1126 ἅνθρωπος
584 1042 619 1104 δὲ
645 1041 739 1104 ταύτὰ
768 1043 892 1126 πάσχει·
921 1041 955 1104 ἐκ
981 1045 1040 1103 τῶν
1072 1039 1153 1104 όλοιν
1189 1040 1284 1126 μέρεα
1320 1044 1480 1127 διαιρεῖται

229 1144 278 1205 καὶ
301 1143 335 1205 ἐκ
356 1147 416 1206 τῶν
442 1143 558 1228 μερέων
587 1143 805 1227 συντιθεμένων
829 1143 885 1207 ὅλα
912 1144 1030 1226 γίνεται.
1075 1141 1263 1227 κεντεόμενοι
1294 1144 1327 1207 δὲ
1357 1146 1407 1208 καί
1436 1168 1479 1208 τε·

231 1241 374 1328 μνόμενοι
395 1245 433 1309 τὰ
456 1245 556 1330 σαθρὰ
579 1247 635 1310 ὑπὸ
658 1251 719 1309 τῶν
743 1247 851 1331 ἰητρῶν
877 1246 1056 1329 ὑηιόζυνται.
1101 1247 1150 1309 καί
1172 1246 1241 1310 τόδε
1265 1247 1421 1332 ἰητρικῆς·
1445 1249 1478 1311 τὸ

230 1349 340 1413 λυτέον
364 1351 567 1414 ἀπαλλάσσειν
590 1353 640 1415 καὶ
663 1349 709 1436 ὑφ’
735 1349 772 1414 οὔ
788 1355 884 1426 πονεῖ,
907 1351 1088 1436 ἀφαιρέοντα
1111 1349 1195 1432 ὑγιέα
1217 1355 1324 1414 ποιεῖν.

315 1454 335 1536 ἡ
365 1452 454 1536 φόσις
483 1453 639 1538 αὐτομάτη
669 1458 763 1518 ταῦτα
790 1454 958 1517 ἐπίσταται·
988 1453 1161 1538 καθήμενος
1190 1457 1279 1517 πονεῖ
1299 1455 1478 1538 ἀναστῆναι,

179 1570 212 1617 10
229 1555 401 1640 κινεόμενυς
423 1561 510 1620 πονεῖ
528 1557 771 1622 ἀναπαύσασθαι.
809 1558 859 1621 καί
874 1556 952 1620 ἄλλα
967 1560 1092 1620 τοιαῦτα
1109 1555 1208 1642 ἔχειῆ
1227 1557 1316 1642 φόσις
1333 1559 1478 1644 ἰητρικῆς.

316 1658 398 1722 XVI.
432 1660 604 1732 τέκτονες
637 1663 822 1741 πρίοντες
855 1657 876 1723 δ
908 1659 979 1739 μὲν
1012 1648 1111 1721 οἰδεῖ
1141 1657 1161 1722 δ
1196 1658 1238 1722 δέ
1271 1658 1394 1723 ἕλκει·
1433 1659 1476 1725 τὸ

229 1757 325 1823 αδτδ
348 1762 553 1835 ποιέοντες
575 1759 816 1846 ἀμφότεροι·
840 1760 1022 1846 [τρυπῶσιν
1044 1759 1061 1823 δ
1084 1759 1144 1842 μέν
1164 1759 1247 1824 ἕλκει
1268 1759 1289 1825 δ
1313 1760 1353 1824 δέ
1367 1761 1478 1846 afflet}

230 1860 462 1944 πιεζόμενον
484 1865 562 1928 ἄνα
585 1868 713 1948 έρπει,
736 1863 778 1927 τό
802 1864 844 1928 δέ
866 1863 974 1931 νότοι.
1019 1867 1114 1945 μείω
1136 1866 1349 1938 ποιέοντες
1371 1864 1479 1928 πλέον

230 1968 427 2034 ποιέουσι.

179 2083 212 2133 15
316 2071 403 2153 φόσιν
426 2073 590 2158 ἀνθρώπου
616 2073 787 2157 μιμέονται·
816 2074 849 2136 τὸ
873 2077 995 2157 πνεῦμα
1022 2074 1055 2136 τὸ
1082 2074 1137 2157 μὲν
1164 2073 1244 2136 ἕλκει
1267 2075 1301 2137 τὸ
1326 2074 1361 2136 δὲ
1385 2073 1477 2138 ὠθεῖ·

229 2175 262 2238 τὸ
286 2175 359 2238 αὐτὸ
383 2181 465 2240 ποιεῖ
484 2176 680 2262 ἀμφοτέρας·
703 2177 740 2241 τὰ
765 2178 819 2261 μὲν
841 2177 924 2241 κάτω
948 2177 1078 2250 πιέζεται
1100 2178 1136 2241 τὰ
1159 2178 1194 2241 δὲ
1216 2176 1281 2241 ἄνιυ
1304 2177 1402 2263 ἕρπει.

317 2280 376 2342 ἀπὸ
402 2283 474 2363 μιῆς
497 2284 601 2364 ψυχῆς
623 2280 835 2366 διαιρεομένης
859 2280 971 2349 πλέους
992 2282 1042 2343 καὶ
1072 2281 1176 2364 μείους
1203 2281 1252 2344 καί
1280 2279 1408 2365 μέζονες
1429 2283 1477 2345 καί

229 2382 401 2451 ἐλάσσονες.
1439 2392 1445 2399 “

316 2483 412 2549 XVII.
446 2483 655 2564 οἰκοδόμοι
692 2485 730 2547 ἐκ
768 2484 974 2570 διαφόρων
1011 2484 1193 2571 σύμφορα
1229 2483 1476 2570 ἐργάζονται·

178 2602 213 2650 20
231 2588 277 2650 τὰ
297 2588 368 2671 μὲν
390 2587 488 2672 ξηρὰ
508 2587 766 2673 ὑγραίνοντες
786 2589 833 2652 τὰ
855 2589 897 2652 δέ
919 2588 1017 2674 ὑγρὰ
1038 2593 1310 2674 ξηραίνοντες·
1340 2590 1388 2653 τὰ
1410 2590 1479 2672 μὲν

230 2691 302 2756 ὅλα
325 2693 570 2777 διαιρέοντες
590 2694 640 2756 τὰ
656 2694 699 2758 δέ
715 2693 929 2780 διῃρημένα
945 2695 1212 2768 συντιθέντες.
1250 2693 1299 2776 μὴ
1322 2696 1427 2759 οὗτοι
1441 2693 1479 2760 δέ

230 2793 400 2876 έχόντοιν
423 2794 491 2860 οιίκ
514 2800 562 2861 δν
587 2795 671 2877 ἔχοι
692 2786 713 2882 ᾗ
737 2797 807 2864 δεῖ.

317 2901 431 2964 δίαιταν
455 2901 618 2986 ἀνθρώπου
643 2901 814 2985 μιμέονται·
837 2901 874 2964 τὰ
899 2901 953 2985 μὲν
978 2901 1052 2985 ξηρὰ
1075 2901 1263 2986 ὑγραίνοντες
1284 2899 1322 2964 τὰ
1345 2901 1381 2964 δὲ
1406 2901 1480 2987 ὑγρὰ

234 3004 436 3087 ξηραίνοντες·
460 3002 497 3066 τὰ
521 3004 575 3087 μὲν
598 3002 654 3068 ὅλα
678 3005 843 3090 διαιρέουσι
865 3005 901 3068 τὰ
924 3005 958 3068 δὲ
981 3004 1150 3090 διῃρημένα
1174 3003 1361 3068 συντιθέασι·
1384 3008 1479 3068 ταῦτα

179 3119 213 3168 25
232 3104 328 3167 πάντα
351 3105 481 3190 διάφορα
504 3104 592 3169 ἐόντα
615 3106 771 3191 συμφέρει.

316 3207 427 3272 XVIII.
463 3207 629 3292 [μουσικῆς
653 3210 796 3291 όργανον
818 3207 964 3292 ὑπάρξαι
986 3208 1040 3272 δετ
1059 3210 1204 3293 πρῶτον,
1227 3205 1263 3270 έν
1284 3196 1479 3291 ᾧδηλιόσει,

230 3311 254 3372 οἳ
290 3310 468 3396 βοόλεται].
507 3310 702 3395 ἁρμονίης
740 3311 946 3387 συντόξιες
983 3309 1022 3378 ἐκ
1058 3316 1130 3375 τῶν
1166 3310 1295 3374 αὐτῶν
1330 3305 1409 3392 οόχ
1441 3307 1481 3374 αἱ

230 3413 362 3478 αόταί·
396 3414 435 3478 έν
471 3420 544 3479 τοῦ
576 3413 687 3493 δξέος
719 3417 781 3478 καὶ
819 3415 858 3478 έιι
896 3423 968 3480 τοῦ
1002 3418 1156 3501 βαρέες,
1195 3412 1375 3494 δνόματι
1412 3415 1480 3496 μέν

232 3515 394 3598 ὁμοίιον,
430 3518 595 3602 φθόγγῳ
630 3518 672 3582 δέ
706 3513 777 3600 οόχ
812 3517 972 3602 ὁμοίιον.
1006 3518 1052 3581 τὰ
1081 3518 1271 3583 πλεῖστον
1301 3517 1480 3602 διάφορα

178 3619 400 3702 θυμόλιστα
444 3625 649 3706 συμφέρει,
693 3622 739 3685 τὰ
785 3622 826 3686 δὲ
869 3621 1081 3704 έλοίχιστον
1125 3621 1304 3704 διάφορα
1342 3623 1480 3705 ἥκιστα

320 3849 341 3899 1.
360 3845 374 3898 ό
392 3846 475 3915 ἄνθρ.
492 3845 526 3900 R.
562 3848 587 3904 2.
605 3847 643 3900 Μ.
662 3847 708 3897 καὶ
730 3849 763 3898 ιδ
781 3851 810 3898 δ.
846 3847 871 3901 8.
889 3846 921 3898 εδ
944 3847 993 3897 δλιι
1015 3862 1039 3896 κ.
1056 3864 1087 3914 μ.
1106 3845 1270 3912 διαιρέοντες
1286 3844 1429 3912 τέμνοντες
1445 3845 1479 3901 R.

230 3933 262 3985 τοὶ
273 3931 324 3983 ma
336 3950 391 3987 om.
403 3931 441 3985 Μ.
471 3933 496 3986 6.
508 3949 535 3983 τε
547 3931 583 3985 Μ.
615 3932 639 3985 7.
652 3933 824 4000 δγιαίνονται
835 3935 864 3984 θ.
876 3929 1045 4000 δγιαίνονται
1056 3930 1102 3980 καὶ
1114 3929 1174 3991 ζιόει
1187 3929 1225 3983 Μ.
1237 3945 1311 3984 corr.
1323 3929 1479 3989 Ermerins.

231 4019 271 4072 10.
290 4017 324 4072 Β.
341 4018 373 4069 ιδ
391 4017 459 4068 ἄλλα
477 4017 509 4068 τὰ
525 4035 547 4071 τ.
566 4021 594 4067 θ.
627 4017 659 4068 τὰ
677 4017 745 4067 ἄλλα
763 4019 870 4068 τοιαῦτα
883 4016 920 4070 Μ.
953 4016 992 4070 12.
1012 4017 1100 4067 ποιεῖν
1111 4014 1269 4083 ἀμφοτέρως
1281 4015 1357 4083 φέρει
1369 4015 1408 4070 Μ.
1440 4015 1480 4070 13.

230 4103 373 4165 πιεζόντων
395 4102 462 4156 δΜ.
486 4103 546 4171 vgl.
567 4120 591 4157 υ.
610 4103 635 4156 7.
673 4103 712 4157 15.
731 4099 760 4155 ιδ
778 4120 832 4158 om.
851 4103 889 4156 M.
928 4104 966 4157 16.
985 4104 1074 4154 ποιεῖν
1095 4103 1165 4170 ἀμφ.
1183 4101 1271 4169 φέρει·
1293 4102 1376 4153 σιἐυν
1392 4102 1425 4154 τὰ
1443 4101 1479 4156 Μ.

233 4190 272 4244 19.
292 4187 432 4260 σύμφορον
449 4188 487 4243 Μ.
511 4205 565 4243 om.
586 4191 615 4239 δ.
638 4217 672 4226 -
695 4187 852 4258 ἰργόζοντες
869 4189 906 4242 Μ.
946 4189 989 4242 22.
1009 4187 1068 4253 ηδει
1086 4191 1114 4238 θ.
1133 4186 1211 4245 ἰδίως
1227 4185 1265 4239 Μ.
1284 4203 1358 4241 corr.
1376 4185 1479 4242 Littr6.

230 4275 271 4330 23.
290 4277 414 4344 μιμεῖται
432 4275 503 4328 θΜ.
523 4291 596 4329 corr.
614 4274 723 4344 Zwing.
752 4274 796 4330 25.
812 4292 895 4343 συμφ.
913 4277 943 4345 τῇ
962 4274 1039 4341 φύσει
1051 4273 1088 4327 Μ.
1120 4274 1161 4326 27.
1173 4270 1305 4341 ἁρμονίης
1316 4271 1441 4334 σόνταξις
1451 4276 1479 4330 θ.

229 4359 354 4430 ἁρμονίη.
373 4360 506 4420 συντόξιες
524 4360 561 4414 Μ.
597 4359 639 4416 29.
658 4360 766 4412 πλεῖστα
785 4359 853 4413 θΜ.
872 4377 943 4416 corr.
953 4358 1022 4413 Wil.
1050 4359 1093 4414 30.
1110 4357 1317 4427 uagam-971.
1329 4374 1404 4414 corr.
1413 4357 1480 4413 Wil.
1557 4386 1559 4433 Ι
