3120 4928
641 442 679 452 -
726 405 789 470 120
835 360 878 452 -’

134 597 295 681 μήκιστον·
321 597 356 660 ἐκ
383 599 443 657 τῶν
473 594 681 680 ὑπερεχόντων
711 593 940 680 ἀφαιρεόμενος,
967 600 1062 660 τοῖσιν
1089 597 1264 661 ἐλλείπουσι
1290 620 1386 681 προσ-

130 700 238 772 τιθείς·
260 699 297 762 τὰ
322 697 398 783 ξηρὰ
421 697 569 783 ὑγραίνων
591 697 700 762 καὶτὰ
724 697 800 783 ὑγρὰ
824 699 981 782 Εηραίνων.

217 800 314 865 XXII.
349 809 535 885 κεραμεῖς
557 799 627 864 τδν
649 799 794 883 τρόχον
817 799 1010 876 δινέονσι,
1039 802 1102 864 καλ
1131 801 1222 866 οὔτε
1244 802 1388 887 πρόσω

132 905 224 966 οὔτε
247 902 372 967 δπῑσω
396 914 591 988 προχωρεῖ
610 906 812 988 (χωρέων)
833 898 1106 990 ἀμφοτέρωσε·
1206 957 1212 966 .

97 1022 113 1072 5
219 1007 284 1091 ἅμα
306 1011 360 1070 τοῦ
384 1006 458 1071 όλυυ
482 1008 669 1092 ἀπομίμημα
692 1013 747 1091 τῆς
769 1014 945 1093 περιφορῆς.

217 1107 257 1172 ἐν
280 1107 321 1173 δὲ
343 1108 391 1192 τῷ
412 1105 516 1192 αδτῷ
537 1107 770 1193 ἐργάζονται
798 1112 1093 1195 περιφερομένῳ
1117 1110 1387 1188 παντοδαπά,

132 1210 250 1276 οὐδὲν
283 1213 424 1291 ὅμοιον
452 1211 495 1272 τὸ
521 1215 656 1295 ἕτερον
682 1216 732 1296 τῷ
759 1208 872 1296 ἑτάρορ
900 1211 941 1274 ἐκ
969 1217 1045 1278 τών
1072 1210 1208 1277 αὐτῶν.
1262 1213 1389 1298 [τοῖσιν

131 1314 279 1380 αδτοτσιν
301 1313 514 1398 δργάνοισιν].

220 1419 377 1504 ἅνθρωποι
399 1419 493 1482 ταύτὰ
512 1421 666 1503 πάσχουσι
681 1421 732 1482 καὶ
750 1420 786 1483 τά
805 1418 883 1482 ἀλλα
907 1425 989 1504 ζῷα·
1013 1420 1043 1483 ἐν
1066 1426 1108 1503 τῆ
1129 1419 1211 1503 αὐτῆ
1230 1421 1391 1507 περιρορῆ

82 1537 115 1585 10
134 1526 231 1586 πάντα
258 1523 442 1607 ἐργάζονται,
471 1523 505 1586 ἐκ
532 1527 592 1585 τῶν
622 1521 722 1585 αὐτῶν
753 1522 841 1586 οὐδὲν
870 1522 978 1607 όμυιον
1005 1527 1100 1587 τοῖσιν
1129 1523 1264 1586 αὐτοῖσιν
1296 1525 1388 1608 ὀργά-

132 1645 237 1690 νοισιν.
275 1625 326 1709 [ἐξ
349 1622 458 1708 ὑγρῶν
480 1623 561 1709 ξηρά
584 1626 753 1698 ποιέοντες
775 1626 829 1687 καλ
851 1624 886 1686 ἐκ
908 1629 974 1687 τών
995 1628 1100 1709 ξηράν
1122 1624 1231 1710 ὑγρά].

218 1727 330 1792 XXIII.
365 1725 613 1810 γραμματικὴ
637 1726 810 1791 τοιόνδε·
834 1726 1043 1810 σχημάτων
1066 1728 1272 1802 σύνθεσις.

134 1837 246 1917 σημεῖα
272 1832 464 1916 ἀνθρωπίνης
491 1835 608 1915 φωνῆς,
636 1832 761 1916 δύναμις
788 1834 825 1896 τά
852 1831 1063 1918 παρυιχόμενα
1093 1837 1318 1918 μνημονεῦσαι,
1352 1836 1389 1898 τὰ

133 1935 261 2020 ποιητέα
284 1937 431 2018 δηλῶσαι.

83 2051 115 2100 15
221 2037 269 2100 διὰ
284 2036 359 2099 ἑπτὰ
376 2039 576 2122 σχημάτωνῆ
598 2042 724 2120 γνῶσις·
747 2043 840 2102 ταῦτα
863 2042 959 2102 πάντα
983 2038 1145 2124 ἄνθρωπος
1166 2041 1387 2123 διαπρήσσεται

133 2143 183 2204 καὶ
208 2142 223 2202 ό
246 2141 444 2224 ἐπιστάμενος
466 2143 630 2226 γράμματα
653 2143 702 2205 καὶ
726 2143 742 2204 ό
768 2144 809 2227 μὴ
835 2143 1041 2226 ἐπιστάμενος.

221 2241 258 2307 δι’
281 2243 355 2306 ἑπτὰ
380 2246 543 2329 σχημάτων
566 2248 616 2309 καὶ
638 2248 667 2309 αἱ
689 2247 847 2330 αἰσθήσεις
869 2248 1037 2330 ἀνθρώπῳ·
1066 2247 1145 2330 ἀκοὴ
1172 2244 1288 2330 ψόφου,
1315 2245 1387 2331 ὄψις

133 2353 283 2434 φανερῶν,
313 2349 391 2432 ῥῖνες
418 2349 527 2431 ὀδμῆς,
555 2353 682 2431 γλῶσσα
710 2353 825 2434 ῆδυνῆς
855 2352 905 2414 καὶ
933 2351 1050 2435 ἀηδίης,
1087 2349 1183 2433 στόμα
1211 2349 1386 2428 διαλέκτου,

135 2456 226 2536 σῶμα
255 2451 394 2535 ψαόσιυς,
424 2453 542 2536 θερμοῦ
571 2453 590 2535 ῆ
621 2457 741 2538 ψυχροῦ
770 2453 940 2536 πνεύματος
974 2453 1104 2525 διέξοδοι
1135 2451 1197 2524 ἔξω
1224 2455 1276 2516 καὶ
1306 2452 1384 2517 ἔσω.

83 2569 116 2616 νο
222 2553 289 2615 διά
310 2551 459 2617 τούτων
481 2552 731 2637 ἀνθρώποισι
757 2555 914 2634 γνῶσις,
943 2553 1121 2639 ἀγνωσίη.

220 2657 333 2722 XXIV.
369 2657 624 2742 παιδοτριβίη
650 2658 826 2722 τοιόνδε·
861 2658 1097 2722 διδάσκουσι
1131 2671 1387 2741 παρανομεῖν

134 2759 230 2822 κατά
252 2759 393 2842 νόμον,
416 2760 567 2825 ἀδικεῖν
590 2761 769 2838 δικαίως,
793 2763 1008 2840 ἐξαπατᾶν,
1026 2763 1228 2836 κλέπτειν,
1246 2760 1385 2847 ἀρπά-

135 2864 231 2940 ζειν,
259 2864 488 2944 βιάζεσθαι·
515 2866 560 2928 τά
584 2868 767 2946 αἴσχιστα
796 2867 880 2952 [καὶ]
904 2866 1102 2932 κάλλιστα.
1148 2865 1166 2930 ὁ
1188 2865 1238 2948 μὴ
1261 2872 1387 2931 ταῦτα

135 2969 281 3030 ποιέων
308 2967 441 3044 κακός,
474 2966 494 3032 ό
518 2968 559 3031 δὲ
585 2968 707 3031 ταῦτα
734 2971 879 3034 ποιέων
905 2969 1073 3050 ἀγαθός·
1102 2968 1282 3045 ἀπόδεξις
1313 2970 1388 3035 τῶν

84 3083 117 3132 25
137 3069 296 3134 πολλῶν
323 3070 564 3156 ἀφροσύνης·
594 3073 768 3136 θεώνται
800 3078 922 3136 ταῦτα
949 3074 1012 3135 καὶ
1040 3077 1219 3156 κρίνουσι
1246 3075 1320 3136 ἕνα
1347 3073 1388 3150 ἐξ

136 3172 322 3238 ἀπάντων
344 3167 521 3253 ἀγαθόν,
545 3175 637 3249 τοὺς
661 3175 702 3238 δὲ
724 3176 866 3250 ἄλλους
888 3177 1047 3250 κακούς·
1072 3175 1216 3240 πολλοὶ
1240 3179 1385 3259 θωμά-

137 3277 288 3355 ζυνσιν,
312 3271 442 3357 δλίγοι
465 3278 736 3358 γινώσκουσιν.

223 3383 254 3451 ἐς
289 3384 402 3468 ἀγορὴν
437 3382 576 3452 ἐλθόντες
610 3383 766 3470 άνθρωπυι
794 3385 887 3448 ταύτὰ
922 3387 1172 3470 διαπρήσσονται
1209 3384 1389 3457 ἐξαπατῶσι

138 3486 295 3571 ἅνθρωποι
324 3485 494 3555 πωλέοντες
520 3488 570 3550 καὶ
597 3486 774 3572 ὠνεόμενοι·
805 3490 820 3551 ό
844 3493 970 3552 πλεῖστα
994 3489 1184 3572 ἐξαπατήσας
1208 3486 1302 3559 οὖτος
1326 3491 1388 3553 θω-

85 3600 119 3650 30
140 3589 272 3671 μάζεται.
316 3588 449 3656 πίνοντες
471 3590 520 3652 καὶ
548 3588 723 3673 μαινόμενοι
747 3589 838 3653 ταδτά
862 3593 1107 3676 διαπρήσσονται

224 3811 249 3864 3.
267 3805 312 3861 τόν
330 3828 384 3864 om.
404 3810 441 3865 M.
476 3813 501 3864 4.
520 3812 676 3880 ἀμφοτέρως
694 3815 723 3865 θ.
742 3813 799 3864 οὔτε
820 3814 904 3864 ὀπίσω
923 3813 980 3864 οὔτε
999 3814 1088 3882 πρόσω
1106 3815 1201 3882 χωρέει
1219 3815 1267 3865 καὶ
1287 3816 1389 3885 ἀμφω-

137 3901 232 3966 τέρωσε
250 3896 287 3949 Μ.
306 3915 378 3952 corr.
391 3896 458 3950 Wil.
489 3900 514 3952 5.
533 3898 592 3966 ἅμα
605 3899 658 3952 del.
672 3898 815 3968 Bywater.
829 3927 863 3938 -
874 3900 937 3951 ὅλου
948 3900 1063 3969 μιμητής
1075 3899 1217 3969 περιφερής
1230 3900 1269 3956 Μ.
1302 3904 1327 3956 6.
1342 3920 1389 3954 πε-

138 3985 304 4052 ριφερομὲνω
322 3988 343 4034 θ
362 4020 369 4034 .
388 4020 394 4034 .
414 4021 420 4034 .
439 4002 495 4034 νων
513 3984 549 4038 Μ.
586 3986 610 4037 7.
633 3987 718 4036 τοῖσιν
740 3987 859 4037 αὐτοῖσιν
881 3987 939 4054 ὀργ.
960 4004 1013 4041 om.
1032 3986 1069 4039 Μ.
1083 3985 1150 4040 Wil.
1189 3987 1229 4040 12.
1248 3990 1392 4048 συνθέσεις

138 4074 168 4123 θ.
204 4072 244 4124 17.
264 4071 310 4121 καὶ
328 4070 462 4133 αἰσθήσεις
480 4070 637 4140 ἀνθρώπων
655 4075 683 4121 θ.
711 4072 866 4136 ἧαῑσθησις
884 4070 898 4135 ἢ
917 4070 1074 4140 ἀνθρώπων
1092 4072 1130 4126 Μ.
1148 4089 1221 4127 corr.
1240 4073 1392 4144 Bywater.

138 4183 172 4194 -
195 4155 300 4222 ψόφους
322 4160 350 4206 θ.
387 4155 480 4222 ψόφωι
497 4156 535 4210 Μ.
579 4157 618 4211 18.
638 4159 746 4224 φανερά
764 4161 792 4209 θ.
832 4158 874 4212 20.
892 4160 991 4226 γνῶσις
1010 4156 1188 4227 ἀνθρώποισι.
1225 4157 1335 4227 ἀγωνάη
1353 4161 1391 4216 Μ.
1419 4215 1423 4220 ,

138 4241 181 4295 21.
200 4241 376 4310 παιδοτρίβαι
393 4241 431 4298 Μ.
445 4271 475 4280 -
489 4243 561 4293 ιοιδν
579 4243 616 4296 Μ.
646 4244 688 4297 22.
706 4247 735 4294 θ.
754 4243 885 4306 ἐξαπατῆν
904 4243 940 4296 Μ.
960 4244 1112 4303 ἐξαπατέειν
1130 4243 1163 4297 R.
1195 4244 1238 4299 25.
1258 4245 1291 4296 ’ἐν
1309 4251 1339 4300 θ.
1353 4248 1392 4306 Μ,

140 4344 212 4382 corr.
231 4325 333 4382 Littre.
369 4328 412 4381 28.
430 4328 457 4387 ἐξ
475 4327 618 4381 ἁπάντων
637 4331 678 4380 εῖν
697 4332 725 4378 θ.
