3120 4928
733 384 970 448 -112-

227 569 341 642 οὖσαν,
359 570 526 651 νομίζεται
548 570 586 634 δὲ
607 569 762 635 ιλπὸιτδν
784 569 975 655 ἀνθρώπων
996 574 1033 636 τό
1054 571 1170 654 pm}
1186 572 1308 640 ΥἈιδου
1329 575 1364 651 δς
1386 577 1475 661 φάος

226 671 372 757 αθξηθδν
394 677 560 759 γενέσθαι,
579 674 620 753 ,τὸ
637 674 675 738 δὲ
692 673 727 736 έκ
742 675 801 739 τοῦ
816 675 919 759 φάεος
933 676 1095 760 δς,”Λιδην
1109 677 1251 758 μιιιοθδν
1265 677 1473 744 ἀπολέσθω·

227 775 436 859 ὀφθαλμοῖσι
463 775 525 859 γὰρ
553 775 745 841 πιστεύουσι
772 762 899 858 μᾶλλον
919 778 947 862 ἢ
975 777 1097 864 γνόμρ,
1125 778 1186 860 οὐχ
1213 776 1337 856 ἱκανοῖς
1361 781 1476 853 Ιδοῦσιν

226 878 305 944 οὐδὲ
332 882 408 964 περὶ
435 885 500 944 τῶν
530 878 712 964 δρεομένιιν
737 890 857 965 κρῖναι·
890 880 953 960 ἐγώ
980 881 1018 947 δὲ
1043 880 1125 946 τάδε
1151 882 1261 970 γνώμη
1289 882 1475 967 ἐξηγέομαι.

192 983 299 1068 εζῴιι
329 984 391 1066 γὰρ
417 981 550 1048 κόκετνα
578 984 632 1046 καλ
659 982 754 1053 τάδε·
782 986 848 1046 καλ.
863 985 939 1059 οὔτε
964 986 1004 1049 τό
1025 984 1168 1060 ,ἀείζωον
1189 984 1382 1057 δποθανετν
1404 985 1477 1052 οἷόν

227 1110 272 1164 τε,
300 1087 329 1150 εἰ
354 1086 398 1170 μὴ
427 1086 509 1168 μετὰ
535 1086 684 1153 πόντων·
719 1086 789 1151 ποῦ
815 1086 877 1172 γὰρ
904 1087 1143 1167 δποθανττταις
1178 1088 1253 1154 οὔτε
1279 1087 1317 1155 τό
1349 1091 1393 1175 μῆ
1420 1090 1476 1156 έὸν

227 1194 395 1271 γενέσθαι·
420 1189 530 1255 πόθεν
552 1191 614 1273 γὰρ
638 1189 749 1269 ἔσταις.
764 1189 837 1255 ἀλλ’
858 1191 990 1277 αὔξεται
1012 1191 1124 1263 πάντα
1146 1195 1201 1258 καλ
1222 1199 1372 1276 μειοῦται
1386 1193 1422 1269 ός
1435 1194 1475 1259 τό

227 1295 383 1379 μήκιστον
409 1295 464 1356 κοιλ
490 1293 673 1375 ἐλάχιστον,
700 1300 767 1360 τῶν
793 1319 830 1374 γι
857 1295 1014 1364 δυνατῶν.
1060 1298 1112 1361 δτι
1135 1297 1176 1382 δι’]
1199 1297 1396 1380 διαλέγομαι
1417 1323 1478 1378 γε-

227 1401 404 1482 νέσθαιῆ
443 1393 645 1474 ἀπολέσθω,
682 1401 749 1462 τῶν
780 1397 915 1463 πολλόν
947 1403 1052 1464 όνεκιν
1090 1397 1269 1484 ἑρμηνιόοι·
1302 1407 1406 1466 ,ταῦτα
1443 1404 1478 1468 δὲ

178 1519 211 1567 10
230 1504 529 1589 συμμίσγεσθαικαὶ
551 1504 755 1588 διακρίνεσθαι
777 1505 872 1587 δηλῶ.
920 1548 923 1555 -
1021 1572 1024 1577 ¹

316 1605 381 1692 ἔχει
404 1607 439 1671 δὲ
460 1608 510 1670 καὶ
533 1606 608 1670 ὦδε·
630 1605 842 1688 γενέσθαικαὶ
865 1607 1036 1672 ἀπολέσθαι
1054 1608 1089 1672 τδ
1112 1606 1196 1682 αὐτό,
1219 1613 1411 1693 σομμιηῆναι
1428 1611 1480 1676 καὶ

229 1710 419 1795 διακριθῆναι
446 1711 479 1772 τδ
503 1708 588 1790 αὐτό,
619 1708 791 1792 αὐξηθῆναι
813 1710 863 1773 καὶ
892 1710 1063 1793 μασθῆναι
1087 1711 1121 1773 τδ
1151 1709 1235 1791 αὐτό,
1262 1709 1407 1792 γενέσθαι
1429 1712 1482 1775 καὶ

230 1799 419 1897 σομμιηῆναι
441 1812 475 1876 τὸ
499 1811 582 1887 αὐτό,
606 1811 777 1892 ἀπολέσθαι
797 1813 891 1891 (καὶ)
914 1812 1106 1897 διακριθῆναι
1127 1813 1161 1876 τὸ
1185 1812 1268 1878 αὐτό.
1310 1815 1480 1879 δκοιοτον

229 1914 328 1998 πρὸς
355 1913 487 1977 πάντα
513 1915 577 1976 καλ
605 1912 738 1977 πάντα
765 1914 865 1998 πρός
893 1917 1056 1978 ἕκαστον
1082 1916 1127 1978 τὸ
1149 1913 1246 1983 αὐτὸ
1268 1916 1332 2006 καλ
1357 1914 1480 1980 οόδδν

178 2033 211 2082 15
230 2016 393 2082 πάντων
429 2017 472 2080 τὸ
509 2011 621 2081 αὐτό·
660 2014 690 2082 ό.
710 2015 832 2099 νόμος
865 2016 1016 2104 γᾲρτῇ
1051 2017 1167 2102 φύσει
1199 2019 1293 2102 περὶ
1326 2017 1480 2084 τούτων

228 2120 420 2194 ἐναντίος.
1023 2183 1027 2195 ,

318 2225 353 2289 V.
392 2233 515 2308 χωρεῖ
540 2223 582 2287 δὲ
607 2222 740 2288 πάντα
762 2224 826 2286 καὶ
848 2227 944 2287 θιτα
965 2225 1029 2286 καλ
1051 2223 1290 2309 όνθρώπινα
1312 2227 1392 2289 ἄντι
1414 2229 1479 2289 καὶ

229 2326 337 2391 κότον
382 2325 639 2410 ἀμειβόμενα·
683 2329 782 2413 ῆμέρη
827 2330 878 2393 καὶ
921 2327 1052 2414 εὐφρόνη
1088 2329 1137 2393 ἐπὶ
1172 2330 1206 2392 τὸ
1246 2331 1390 2414 μήκιστον
1432 2333 1482 2396 καὶ

230 2435 404 2519 ἐλάχιστον·
431 2433 503 2517 [ὡς]
533 2435 643 2518 σελήνη
670 2433 720 2496 ἐπὶ
745 2434 779 2496 τδ
805 2434 950 2516 μήκιστον
971 2434 1022 2496 καὶ
1043 2433 1218 2518 ἐλάχιστον·
1242 2434 1339 2519 πυρὸς
1364 2432 1481 2518 ἔφοδος

178 2550 212 2599 20
230 2539 280 2602 καὶ
310 2537 433 2607 ὕδατος·
463 2537 566 2620 [ἥλιος
593 2536 641 2599 ἐπὶ
667 2537 701 2598 τὸ
731 2534 917 2620 μακρότατον
944 2537 995 2598 καὶ
1018 2535 1232 2621 βραχότατον].
1277 2533 1413 2598 πάντα
1436 2535 1481 2599 τὰ

229 2636 328 2702 αὐτὰ
359 2641 424 2701 καὶ
458 2638 503 2702 οθ
535 2637 582 2701 τὰ
614 2630 730 2701 αότά·
765 2636 866 2721 φάος
898 2640 1010 2720 Ζηνί,
1048 2635 1185 2713 σκότος
1215 2637 1344 2723 Ἅιδη,
1380 2637 1480 2723 φάος

227 2742 354 2827 Ἅιδη,
394 2740 532 2815 σκότος
568 2743 677 2824 Ζηνί·
715 2747 836 2823 φοιτᾷ
871 2749 984 2804 κεῖνα
1019 2731 1094 2804 ὧδε
1130 2743 1193 2803 καὶ
1229 2741 1317 2808 τάδε
1354 2753 1480 2820 κεῖσε,

230 2853 362 2909 πᾶσαν
389 2846 505 2929 ὥρην,
539 2849 673 2908 πᾶσαν
700 2843 842 2930 χώρην,
871 2842 1202 2929 διαπρησσόμενα
1219 2845 1348 2935 -κιϊνοί,
1369 2849 1482 2911 τετὰ

230 2947 352 3012 τῶνδε
385 2947 476 3011 τάδε
506 2971 545 3010 τε
571 2948 618 3010 τὰ
646 2956 792 3011 κετνων.
841 2947 905 3009 καὶ
934 2946 981 3009 τὰ
1007 2947 1078 3028 μὲν
1107 2933 1374 3031 πρήσσουσιν,
1411 2950 1481 3017 οθκ

179 3067 212 3118 25
232 3050 410 3126 οἴδασιν,
445 3054 468 3113 ἃ
496 3051 539 3114 δὲ
566 3045 613 3114 ου’
641 3049 877 3135 πρήσσουσι,
906 3050 1114 3124 δοκέουσιν
1146 3037 1308 3128 εἰδέναι,
1342 3056 1409 3117 καὶ
1438 3056 1483 3118 τὰ

230 3155 298 3238 μὲν
324 3154 528 3238 όρέουσιν,
557 3153 601 3219 οό
623 3152 898 3233 γινώσκουσιν,
928 3150 1016 3218 ἀλλ’
1042 3157 1141 3235 όμιος
1164 3156 1322 3219 αθτοτσι
1348 3158 1483 3224 πάντα

230 3262 385 3338 γίνεται
407 3258 456 3321 δι’
478 3251 652 3341 α’νόιγιιηνΙ
673 3260 787 3341 θείην
809 3258 874 3320 καλ
897 3260 920 3318 ἂ
939 3257 1150 3337 βούλονται
1172 3260 1239 3327 καλ
1260 3259 1354 3344 οἳμῆ
1373 3262 1480 3341 βοό-

316 3451 341 3506 2.
363 3450 395 3501 τὰ
419 3489 425 3502 .
446 3489 452 3502 .
472 3488 478 3502 .
498 3489 505 3502 .
526 3450 667 3519 μιοιθέντα
694 3435 871 3500 ἀπόλλυσθαι
890 3452 918 3501 θ.
963 3448 989 3502 3.
1011 3452 1032 3498 θ
1059 3447 1264 3518 (όραιομόνυιν),Ι
1290 3450 1357 3516 όφθ.
1382 3452 1415 3504 δὲ
1439 3453 1482 3505 δεῖ

231 3535 402 3588 πιστεύεσθαι
423 3535 530 3603 μᾶλλον
548 3535 562 3598 ἢ
581 3535 705 3603 γνῶμαι·
729 3535 781 3602 ἐγώ
801 3533 831 3586 δὲ
849 3533 878 3588 Μ
897 3574 904 3587 .
924 3575 930 3588 .
950 3573 956 3586 .
976 3573 982 3586 .
1002 3574 1009 3588 .
1027 3533 1169 3604 γνώμησιν
1187 3577 1192 3588 .
1213 3577 1219 3588 .
1266 3577 1271 3589 .
1292 3577 1297 3590 .
1317 3536 1350 3591 R.
1391 3537 1417 3592 5.
1437 3539 1483 3590 καὶ

231 3623 294 3673 οὐσα
318 3623 342 3672 εἰ
365 3622 433 3681 ζῶον
455 3626 484 3674 θ.
509 3621 555 3672 καὶ
577 3620 635 3673 οὔτε
657 3622 684 3672 τὸ
710 3621 777 3683 ζῶον
799 3621 837 3674 Μ.
860 3639 932 3676 corr.
956 3621 1098 3690 Gomperz
1122 3637 1149 3675 π.
1174 3622 1267 3689 τέχνης
1286 3638 1317 3692 p.
1343 3623 1385 3676 69.
1424 3625 1481 3694 vgl.

231 3707 367 3761 Heraklit
385 3708 440 3777 frg.
458 3708 501 3762 20.
536 3709 559 3762 8.
578 3726 608 3775 γε
627 3707 664 3762 Μ.
682 3726 709 3760 τι
726 3705 894 3763 θ.-θτιδ’
906 3707 942 3758 ἂν
954 3707 1118 3775 διαλέγομαι
1130 3711 1158 3762 θ.
1189 3707 1292 3771 ὅτιδῆν
1304 3708 1483 3779 διαλέγομαι

232 3794 269 3848 Μ.
299 3793 459 3856 9.ἢθκαὶ
471 3794 499 3844 τὸ
512 3793 595 3846 Μ.-
614 3793 721 3846 δὲθδὲ
733 3794 779 3844 καὶ
792 3793 828 3846 Μ.
861 3792 1197 3857 12.θαύξηθ.....αότό
1209 3809 1264 3847 om.
1277 3794 1315 3847 M.
1347 3796 1389 3848 13.
1403 3797 1482 3850 δπολ.

231 3883 385 3948 μασθῆναι
408 3881 499 3949 διακρ.
521 3881 589 3934 θΜ.
631 3883 672 3935 14.
695 3881 742 3932 καὶ
765 3923 770 3935 .
791 3923 796 3934 .
817 3922 823 3935 .
844 3923 849 3934 .
870 3922 875 3933 .
900 3881 963 3931 αὐτὸ
987 3898 1039 3935 om.
1064 3879 1101 3933 M.
1145 3882 1184 3935 17.
1207 3881 1292 3949 χωρὶς
1313 3881 1384 3936 θΜ.
1409 3901 1481 3940 corr.

232 3968 369 4036 Bernays.
409 3967 449 4020 19.
472 3964 507 4026 ὥς
525 4008 530 4020 .
551 4009 557 4020 .
576 4009 582 4020 .
603 4009 608 4020 .
629 4009 634 4020 .
658 3965 797 4034 ἐλάχιστον
821 3983 875 4021 om.
900 3969 929 4021 θ.
969 3966 1004 4024 ολς
1022 3966 1074 4022 σελ.
1099 3967 1138 4030 εἴη
1159 3967 1189 4017 τδ
1205 4003 1214 4032 Ι.
1233 4003 1239 4017 .
1259 3965 1295 4020 Μ.
1332 3968 1368 4026 ὡς
1388 3968 1435 4019 καί
1453 3971 1482 4039 τῇ

230 4053 324 4122 σελήνη
347 4052 376 4103 τὸ
402 4051 434 4105 R.
471 4050 504 4110 ὡς
523 4051 577 4105 del.
591 4051 659 4105 Wil.
678 4051 749 4106 oder
766 4052 819 4103 καὶ.
857 4051 900 4105 20.
920 4050 974 4104 del.
988 4050 1055 4103 Wil.
1091 4051 1134 4105 22.
1152 4051 1220 4106 θΜ.
1239 4054 1318 4122 φοιτᾷ
1336 4053 1385 4104 καὶ
1402 4072 1481 4122 μετα-

230 4141 345 4190 κινεῖται
357 4137 391 4191 R.
421 4138 497 4191 23.θ
514 4138 607 4190 πᾶσαν
625 4137 716 4206 χώρην
735 4154 788 4192 om.
802 4137 840 4190 Μ.
876 4137 919 4190 24.
936 4141 965 4190 θ.
984 4138 1016 4188 τὰ
1035 4137 1163 4189 δὲταῦτα
1181 4137 1329 4192 κιόνωνΜ.
1342 4167 1377 4177 -
1391 4141 1481 4192 καὶτδ

230 4224 363 4291 μὲνθΜ.
382 4225 428 4274 καὶ
446 4225 473 4273 θ’
493 4224 510 4274 θ
529 4223 560 4278 R.
596 4225 638 4277 25.
657 4223 687 4274 οὐ
706 4227 727 4273 θ
746 4241 800 4278 om.
819 4223 856 4277 M.
893 4223 934 4280 26.
952 4224 983 4274 τὰ
1001 4222 1053 4291 μέν
1074 4225 1208 4292 ἔραόοοσιν
1226 4227 1254 4277 θ.
1275 4223 1480 4284 -όκωςθΜ,
1546 4284 1551 4291 ¹

230 4326 305 4364 corr.
324 4308 427 4364 Littre.
