3120 4928
666 373 905 436 -210-

858 562 930 638 136,
943 564 963 625 9
979 563 1042 625 ὅσα
1058 560 1094 624 δ’
1105 563 1147 625 άν
1159 562 1313 641 άχαθὰό
1331 563 1416 647 ἥλιος

813 666 963 750 σημαίνῃ,
987 669 1090 728 ταῦτα
1111 667 1166 728 καί
1190 664 1211 750 ἡ
1234 666 1359 751 σεληνη.

856 767 928 844 136,
947 768 987 831 13
1008 765 1134 850 ἀστέρες
1150 768 1241 850 όμοῦ
1255 770 1318 851 μὲν
1333 771 1414 834 πάν·

811 891 862 942 τες
891 869 1038 954 λαμπροὶ
1066 873 1120 934 καὶ
1149 875 1299 957 καθαροὶ
1330 873 1411 956 δρά-

809 994 933 1052 μενοι.
957 1019 965 1036 .
990 1021 997 1036 .
1020 973 1157 1053 άχαθοί.

205 1079 278 1156 644,
297 1079 335 1141 11
353 1079 403 1141 δτι
418 1077 478 1158 μὲν
493 1067 553 1141 οὖν
569 1075 680 1140 δοκέοι
694 1078 760 1138 τῶν
855 1075 928 1158 134,
947 1078 987 1140 15
1004 1077 1093 1157 ἤλιος
1108 1077 1260 1160 άμαυρὸς
1277 1079 1298 1163 ἢ
1314 1081 1411 1161 ὕφαι-

161 1182 290 1263 άστρων
315 1178 522 1262 βλάπτεσθαι
548 1181 573 1266 ⁷1
598 1174 757 1262 αἠανίζε-
809 1199 871 1258 μος
894 1222 954 1241 ...
979 1185 1060 1242 πᾶσι
1083 1183 1234 1264 πονηράς
1250 1231 1258 1246 .
1277 1231 1285 1245 .
1305 1232 1313 1246 .
1331 1183 1415 1266 ἥλιος

161 1288 245 1348 σθαι
271 1285 292 1366 ἢ
318 1283 498 1363 ίπέχεσθαι
520 1282 577 1362 τῆς
599 1283 759 1365 περιόδου
811 1276 1048 1365 ἀφανιζόμενος
1071 1290 1154 1346 πᾶσι
1177 1287 1332 1369 πονηρός
1354 1332 1361 1348 .
1381 1333 1412 1349 ..

163 1436 170 1450 .
195 1434 202 1450 .
227 1433 235 1449 .
260 1434 268 1450 .
296 1386 542 1466 άσθενέσιερον,
577 1387 606 1448 εί
638 1387 675 1450 δὲ
703 1396 756 1448 καί
851 1386 903 1462 92,
927 1387 948 1448 5
976 1385 1102 1465 χάλαζα
1129 1387 1166 1450 δὲ
1190 1390 1342 1472 ταραχάς
1362 1394 1413 1452 καί

160 1492 282 1564 ὕδατος
311 1491 330 1574 ἢ
355 1488 504 1571 χαλάζης,
538 1490 755 1573 ἰσχυρότερον.
810 1487 997 1569 δυσθυμίας
1019 1488 1122 1572 δηλοῖ.

159 1594 234 1672 646,
263 1593 303 1657 12
336 1593 365 1654 εἰ
398 1591 434 1655 δὲ
466 1590 484 1656 ὁ
513 1591 600 1674 ἥλιος
626 1593 756 1658 τοιοῦτο

160 1695 295 1778 πάσχοι,
318 1695 534 1778 ἰσχυρότερον.

204 1818 277 1892 650,
294 1816 314 1879 2
330 1819 379 1879 δτι
396 1816 426 1878 δ’
442 1816 483 1878 άν
497 1815 531 1877 ἐκ
546 1817 600 1898 τῆς
617 1837 755 1901 περιφο-
853 1815 925 1888 137,
943 1818 982 1879 14
1002 1817 1077 1878 οὔτε
1092 1815 1129 1878 δὲ
1144 1822 1414 1894 καταπίπτοντες

158 1926 214 2001 ρης
235 1917 406 1982 ἐκπίπτειν
429 1918 524 2006 δοκίη
539 1925 602 1981 τῶν
618 1919 755 2003 ἄστρων,
808 1919 853 1990 εἰς
876 1920 936 1994 γῆν
962 1915 994 1980 οἱ
1015 1916 1143 2003 άστέρες
1165 1921 1252 1984 εἰσὶν
1276 1921 1414 1998 άχαθοί.

159 2021 269 2085 όπόσα
295 2022 354 2103 μὲν
379 2023 514 2104 καθαρά
539 2023 593 2083 καί
619 2021 757 2104 λαμπρά
852 2021 964 2099 258,8
987 2020 1004 2085 ὁ
1025 2023 1085 2103 μὲν
1105 2011 1167 2087 οὖν
1182 2025 1300 2088 πεσών
1315 2025 1413 2111 άστηρ

158 2129 212 2189 καὶ
254 2125 338 2206 πρὸς
380 2129 419 2187 ἔω
458 2125 550 2189 δοκεῖ
583 2127 756 2208 φέρεσθαι,
809 2123 958 2207 ἐσήμαινε
980 2124 1038 2189 τόν
1060 2125 1363 2209 ἀποθανούμενον.

157 2228 268 2311 όχείην
290 2231 446 2311 σημαίνει.
850 2229 912 2309 vgl.
931 2230 1003 2306 134,
1020 2228 1060 2292 21
1083 2228 1176 2310 ἤλιος
1198 2231 1245 2304 είς
1267 2234 1329 2316 γῆν
1352 2257 1408 2296 κα-

202 2333 312 2406 650,6
335 2332 385 2394 ὅτι
410 2330 445 2393 δ’
459 2332 501 2393 άν
515 2329 640 2394 τούτων
654 2329 756 2410 μέλαν
806 2329 884 2393 τιάν
920 2329 1114 2414 ἐμπρησμοῦ
1149 2336 1205 2396 καί
1249 2338 1413 2420 πυρκαϊᾶς

157 2436 212 2497 καί
246 2428 395 2516 άμυδρὸν
425 2436 478 2496 καί
506 2433 590 2515 πρός
616 2431 755 2517 ἑσπέρην
807 2432 873 2496 ἐστι
897 2444 1036 2516 σημεῖον.

158 2539 253 2624 δοκίη
276 2540 435 2621 φέρεσθαι
457 2539 477 2620 ἢ
499 2537 531 2611 ίς
545 2535 755 2619 θάλασσανῆ

156 2643 188 2716 ἐς
203 2641 264 2725 γῆν
278 2644 298 2724 ἢ
313 2640 393 2716 ἄνω,
416 2646 519 2705 ταῦτα
535 2643 682 2724 σημαίνει
696 2639 753 2712 τὰς

154 2743 306 2818 νούσους.

359 2849 434 2923 650,
460 2847 548 2911 1411.
1014 2848 1086 2927 134,
1109 2848 1197 2914 2211.
1238 2888 1241 2895 ‹

200 2952 275 3025 652,
307 2953 327 3014 5
354 2952 383 3012 εἰ
416 2949 453 3013 δὲ
487 2949 600 3031 δοκοίη
634 2949 751 3010 ὕεσθαι
847 2950 899 3028 91,
917 2950 957 3013 19
978 2948 1069 3024 ὑετὸς
1083 2952 1162 3014 ἄνευ
1177 2956 1345 3035 χειμῶνος
1359 2958 1407 3018 καί

155 3053 254 3118 ὕδατι
280 3053 415 3137 μαλακῷ
442 3052 476 3116 ἐν
504 3046 597 3138 εύδίη
625 3053 679 3114 καὶ
707 3050 750 3133 μὴ
804 3053 932 3117 πολλοῦ
947 3053 1070 3135 άνέμου
1089 3061 1194 3118 πᾶσιν
1216 3055 1355 3135 ἀγαθός
1372 3103 1408 3119 ..

156 3155 290 3240 σφόδρα
316 3158 489 3239 βρέχεσθαι
521 3156 603 3239 μηδὲ
638 3155 751 3227 δεινῶς
803 3159 924 3238 ὄμβρος
946 3155 982 3218 δὲ
1002 3158 1055 3218 καὶ
1070 3155 1200 3241 λαίλαψ
1216 3161 1274 3221 καὶ
1290 3162 1409 3243 χειμών

154 3260 328 3342 χειμάζειν,
353 3259 487 3337 άχαθόν
510 3308 646 3326 .....
670 3258 699 3318 ελ
714 3256 750 3319 δὲ
802 3259 973 3333 κινδύνους
996 3265 1049 3321 καὶ
1071 3259 1187 3343 ζημίας
1210 3261 1386 3344 ἐπάγουσι.

153 3364 280 3427 τούτων
295 3357 463 3438 τάναντία,
487 3360 618 3443 σφόδρα
633 3363 752 3425 ὕεσθαι

153 3469 206 3530 καί
244 3472 387 3552 χειμῶνα
429 3467 483 3528 καί
521 3464 619 3547 ζάλην
656 3464 749 3538 εἶναι,

153 3569 250 3636 ὕδατί
272 3593 306 3632 τε
327 3570 371 3653 μη
393 3572 542 3653 καθαρῷ,
571 3566 668 3631 νόσον
691 3585 750 3650 ση-

153 3676 262 3754 μαίνει
286 3725 293 3739 .
319 3724 326 3738 .
351 3722 358 3738 .
383 3717 390 3734 .

196 3775 270 3852 652,
304 3778 343 3838 11
379 3778 593 3858 προσημαίνει
627 3774 663 3837 δὲ
696 3775 749 3836 καί
846 3775 956 3854 2617
981 3776 1041 3853 δξό
1063 3771 1145 3858 όράν
1166 3789 1240 3853 τοϊς
1263 3775 1403 3864 δφθαλ,

152 3877 233 3940 τάδε
261 3879 347 3963 πρὸς
374 3877 482 3962 άχείην
510 3877 573 3941 τῶν
605 3875 662 3938 ἐπὶ
695 3879 750 3958 τῆς
801 3888 873 3959 μοῖς
896 3877 1031 3957 οῗχαθόν
1053 3879 1156 3944 πάσιν
1178 3879 1309 3967 ἐπίσης.

152 3989 207 4065 γῆς
235 3981 293 4056 ὀξύ
321 3980 403 4067 όρῇν
431 3983 484 4043 καί
513 3975 572 4055 ὀξύ
606 3974 748 4056 άκούειν,

151 4084 343 4166 ὁδοιπορεῖν
353 4107 386 4146 τε
397 4084 552 4168 ἀσφαλῶς
564 4086 617 4146 καί
625 4086 747 4166 τρέχειν
845 4085 916 4164 124,
926 4087 965 4151 21
980 4091 1051 4160 οἵας
1064 4085 1095 4148 δ’
1105 4086 1149 4150 άν
1161 4085 1267 4163 ὁδούς
1277 4089 1403 4154 ὁδεύειν

148 4186 306 4271 άσιμαλῶς
328 4190 411 4269 ταχὺ
433 4186 486 4251 καὶ
509 4187 583 4273 άτερ
607 4187 726 4271 φόβου,
799 4211 846 4262 τις
881 4187 1043 4275 ύπολάβη,
1078 4191 1221 4278 τοιούτῳ
1253 4194 1403 4281 χρήσεται

798 4295 842 4376 τῷ
863 4295 933 4378 βίῳ.
