<?xml version="1.0" encoding="UTF-8"?>
<!DOCTYPE html PUBLIC "-//W3C//DTD XHTML 1.0 Transitional//EN"
    "http://www.w3.org/TR/xhtml1/DTD/xhtml1-transitional.dtd">
<html xmlns="http://www.w3.org/1999/xhtml" xml:lang="en" lang="en">
 <head>
  <title>
</title>
<meta http-equiv="Content-Type" content="text/html;charset=utf-8" />
  <meta name='ocr-system' content='tesseract 3.04.00' />
  <meta name='ocr-capabilities' content='ocr_page ocr_carea ocr_par ocr_line ocrx_word'/>
</head>
<body>
  <div class='ocr_page' id='page_1' title='image "./hippokratischeu00friegoog/hippokratischeu00friegoog_0172.png"; bbox 0 0 3120 4928; ppageno 0'>
   <div class='ocr_carea' id='block_1_1' title="bbox 659 403 896 466">
    <p class='ocr_par' dir='ltr' id='par_1_1' title="bbox 659 403 896 466">
     <span class='ocr_line' id='line_1_1' title="bbox 659 403 896 466; baseline -0.004 0"><span class='ocrx_word' id='word_1_1' title='bbox 659 403 896 466; x_wconf 75' lang='lat'>-159-</span> 
     </span>
    </p>
   </div>
   <div class='ocr_carea' id='block_1_2' title="bbox 151 589 1399 2431">
    <p class='ocr_par' dir='ltr' id='par_1_2' title="bbox 152 589 1398 1070">
     <span class='ocr_line' id='line_1_2' title="bbox 152 589 1397 674; baseline 0.002 -20"><span class='ocrx_word' id='word_1_2' title='bbox 152 589 317 654; x_wconf 80' lang='lat' dir='ltr'>Heraklils</span> <span class='ocrx_word' id='word_1_3' title='bbox 346 589 473 668; x_wconf 71' lang='lat' dir='ltr'>drirlen</span> <span class='ocrx_word' id='word_1_4' title='bbox 506 591 565 653; x_wconf 88' lang='lat' dir='ltr'>wie</span> <span class='ocrx_word' id='word_1_5' title='bbox 594 610 628 654; x_wconf 85' lang='lat' dir='ltr'>es</span> <span class='ocrx_word' id='word_1_6' title='bbox 657 590 815 655; x_wconf 82' lang='lat' dir='ltr'>Schuslor</span> <span class='ocrx_word' id='word_1_7' title='bbox 842 591 938 671; x_wconf 56' lang='lat' dir='ltr'>thal·</span> <span class='ocrx_word' id='word_1_8' title='bbox 955 592 1041 655; x_wconf 88' lang='lat' dir='ltr'>beirn</span> <span class='ocrx_word' id='word_1_9' title='bbox 1077 591 1278 674; x_wconf 78' lang='lat' dir='ltr'>Compilator</span> <span class='ocrx_word' id='word_1_10' title='bbox 1306 594 1397 657; x_wconf 75' lang='lat' dir='ltr'>nieht</span> 
     </span>
     <span class='ocr_line' id='line_1_3' title="bbox 153 692 1398 776; baseline 0.004 -20"><span class='ocrx_word' id='word_1_11' title='bbox 153 693 292 773; x_wconf 78' lang='lat' dir='ltr'>gesncht</span> <span class='ocrx_word' id='word_1_12' title='bbox 315 692 456 757; x_wconf 89' lang='lat' dir='ltr'>werden.</span> <span class='ocrx_word' id='word_1_13' title='bbox 506 693 610 757; x_wconf 82' lang='lat' dir='ltr'>Dofrir</span> <span class='ocrx_word' id='word_1_14' title='bbox 633 694 804 774; x_wconf 85' lang='lat' dir='ltr'>gewinnen</span> <span class='ocrx_word' id='word_1_15' title='bbox 829 695 888 758; x_wconf 90' lang='lat' dir='ltr'>wir</span> <span class='ocrx_word' id='word_1_16' title='bbox 916 695 967 757; x_wconf 91' lang='lat' dir='ltr'>ein</span> <span class='ocrx_word' id='word_1_17' title='bbox 991 695 1097 776; x_wconf 83' lang='lat' dir='ltr'>wenig</span> <span class='ocrx_word' id='word_1_18' title='bbox 1120 696 1265 761; x_wconf 84' lang='lat' dir='ltr'>Einbliek</span> <span class='ocrx_word' id='word_1_19' title='bbox 1288 697 1320 761; x_wconf 90' lang='lat' dir='ltr'>in</span> <span class='ocrx_word' id='word_1_20' title='bbox 1345 697 1398 761; x_wconf 91' lang='lat' dir='ltr'>die</span> 
     </span>
     <span class='ocr_line' id='line_1_4' title="bbox 153 796 1398 882; baseline 0.002 -22"><span class='ocrx_word' id='word_1_21' title='bbox 153 796 284 860; x_wconf 87' lang='lat' dir='ltr'>Sohule.</span> <span class='ocrx_word' id='word_1_22' title='bbox 336 797 437 860; x_wconf 88' lang='lat' dir='ltr'>Keine</span> <span class='ocrx_word' id='word_1_23' title='bbox 467 797 591 862; x_wconf 84' lang='lat' dir='ltr'>andere</span> <span class='ocrx_word' id='word_1_24' title='bbox 617 797 792 878; x_wconf 80' lang='lat' dir='ltr'>unterliegt</span> <span class='ocrx_word' id='word_1_25' title='bbox 814 818 852 862; x_wconf 90' lang='lat' dir='ltr'>so</span> <span class='ocrx_word' id='word_1_26' title='bbox 875 798 1040 862; x_wconf 78' lang='lat' dir='ltr'>natdrlieh</span> <span class='ocrx_word' id='word_1_27' title='bbox 1064 799 1123 863; x_wconf 90' lang='lat' dir='ltr'>der</span> <span class='ocrx_word' id='word_1_28' title='bbox 1146 800 1312 882; x_wconf 79' lang='lat' dir='ltr'>Sophislik</span> <span class='ocrx_word' id='word_1_29' title='bbox 1336 800 1398 864; x_wconf 91' lang='lat' dir='ltr'>wie</span> 
     </span>
     <span class='ocr_line' id='line_1_5' title="bbox 153 900 1398 984; baseline 0.003 -20"><span class='ocrx_word' id='word_1_30' title='bbox 153 901 253 978; x_wconf 90' lang='lat' dir='ltr'>diese,</span> <span class='ocrx_word' id='word_1_31' title='bbox 288 901 345 965; x_wconf 84' lang='lat' dir='ltr'>hat</span> <span class='ocrx_word' id='word_1_32' title='bbox 379 901 463 964; x_wconf 86' lang='lat' dir='ltr'>doeh</span> <span class='ocrx_word' id='word_1_33' title='bbox 497 900 652 966; x_wconf 82' lang='lat' dir='ltr'>niemend</span> <span class='ocrx_word' id='word_1_34' title='bbox 686 902 745 965; x_wconf 87' lang='lat' dir='ltr'>der</span> <span class='ocrx_word' id='word_1_35' title='bbox 778 901 944 984; x_wconf 84' lang='lat' dir='ltr'>Sophislik</span> <span class='ocrx_word' id='word_1_36' title='bbox 978 921 1015 966; x_wconf 91' lang='lat' dir='ltr'>so</span> <span class='ocrx_word' id='word_1_37' title='bbox 1053 902 1296 984; x_wconf 83' lang='lat' dir='ltr'>vorgearbeitet</span> <span class='ocrx_word' id='word_1_38' title='bbox 1335 904 1398 972; x_wconf 75' lang='lat' dir='ltr'>wie,</span> 
     </span>
     <span class='ocr_line' id='line_1_6' title="bbox 153 1003 312 1070; baseline 0.013 -2"><span class='ocrx_word' id='word_1_39' title='bbox 153 1003 312 1070; x_wconf 82' lang='lat' dir='ltr'>Heraklit.</span> 
     </span>
    </p>

    <p class='ocr_par' dir='ltr' id='par_1_3' title="bbox 151 1107 1399 2431">
     <span class='ocr_line' id='line_1_7' title="bbox 241 1107 1397 1173; baseline 0 -2"><span class='ocrx_word' id='word_1_40' title='bbox 241 1108 365 1171; x_wconf 86' lang='lat' dir='ltr'>Ausser</span> <span class='ocrx_word' id='word_1_41' title='bbox 402 1107 460 1172; x_wconf 89' lang='lat' dir='ltr'>der</span> <span class='ocrx_word' id='word_1_42' title='bbox 498 1107 883 1173; x_wconf 69' lang='lat' dir='ltr'>leder-Wassertheorie</span> <span class='ocrx_word' id='word_1_43' title='bbox 920 1109 989 1173; x_wconf 92' lang='lat' dir='ltr'>und</span> <span class='ocrx_word' id='word_1_44' title='bbox 1027 1110 1091 1173; x_wconf 92' lang='lat' dir='ltr'>den</span> <span class='ocrx_word' id='word_1_45' title='bbox 1126 1108 1397 1173; x_wconf 76' lang='lat' dir='ltr'>heralrlileisehen</span> 
     </span>
     <span class='ocr_line' id='line_1_8' title="bbox 154 1209 1397 1291; baseline 0.001 -18"><span class='ocrx_word' id='word_1_46' title='bbox 154 1210 371 1274; x_wconf 80' lang='lat' dir='ltr'>Abschnilten</span> <span class='ocrx_word' id='word_1_47' title='bbox 399 1211 513 1275; x_wconf 75' lang='lat' dir='ltr'>hatten</span> <span class='ocrx_word' id='word_1_48' title='bbox 542 1212 602 1275; x_wconf 87' lang='lat' dir='ltr'>wir</span> <span class='ocrx_word' id='word_1_49' title='bbox 630 1212 715 1275; x_wconf 83' lang='lat' dir='ltr'>noch</span> <span class='ocrx_word' id='word_1_50' title='bbox 744 1212 775 1274; x_wconf 94' lang='lat' dir='ltr'>in</span> <span class='ocrx_word' id='word_1_51' title='bbox 806 1229 832 1276; x_wconf 82' lang='grc' dir='ltr'>ο.</span> <span class='ocrx_word' id='word_1_52' title='bbox 863 1211 884 1276; x_wconf 87' lang='lat'><em>8</em></span> <span class='ocrx_word' id='word_1_53' title='bbox 919 1209 1061 1276; x_wconf 88' lang='lat' dir='ltr'>fremdes</span> <span class='ocrx_word' id='word_1_54' title='bbox 1095 1210 1162 1275; x_wconf 79' lang='lat' dir='ltr'>Gul</span> <span class='ocrx_word' id='word_1_55' title='bbox 1196 1211 1397 1291; x_wconf 82' lang='lat' dir='ltr'>feslgestellt.</span> 
     </span>
     <span class='ocr_line' id='line_1_9' title="bbox 153 1313 1396 1399; baseline -0.001 -23"><span class='ocrx_word' id='word_1_56' title='bbox 153 1313 213 1377; x_wconf 89' lang='lat' dir='ltr'>Die</span> <span class='ocrx_word' id='word_1_57' title='bbox 236 1313 419 1394; x_wconf 71' lang='lat' dir='ltr'>Erkldrung</span> <span class='ocrx_word' id='word_1_58' title='bbox 434 1314 493 1378; x_wconf 85' lang='lat' dir='ltr'>der</span> <span class='ocrx_word' id='word_1_59' title='bbox 508 1315 703 1380; x_wconf 86' lang='lat' dir='ltr'>Harmonie:</span> <span class='ocrx_word' id='word_1_60' title='bbox 727 1313 907 1398; x_wconf 81' lang='grc' dir='ltr'>(ἁρμονίης)</span> <span class='ocrx_word' id='word_1_61' title='bbox 930 1313 1066 1397; x_wconf 78' lang='grc' dir='ltr'><strong><em>ἐχούσης</em></strong></span> <span class='ocrx_word' id='word_1_62' title='bbox 1090 1317 1280 1397; x_wconf 75' lang='grc' dir='ltr'><strong><em>συμφωνίας</em></strong></span> <span class='ocrx_word' id='word_1_63' title='bbox 1301 1322 1396 1399; x_wconf 75' lang='grc' dir='ltr'><strong><em>τρεῖς,</em></strong></span> 
     </span>
     <span class='ocr_line' id='line_1_10' title="bbox 154 1415 1398 1502; baseline -0.001 -23"><span class='ocrx_word' id='word_1_64' title='bbox 154 1415 338 1499; x_wconf 74' lang='grc' dir='ltr'><strong><em>συλλήβδην</em></strong></span> <span class='ocrx_word' id='word_1_65' title='bbox 365 1415 487 1491; x_wconf 79' lang='grc' dir='ltr'><strong><em>διεξιόν</em></strong></span> <span class='ocrx_word' id='word_1_66' title='bbox 521 1415 578 1478; x_wconf 88' lang='grc' dir='ltr'>διὰ</span> <span class='ocrx_word' id='word_1_67' title='bbox 610 1419 773 1480; x_wconf 80' lang='grc' dir='ltr'><strong><em>πασέων.</em></strong></span> <span class='ocrx_word' id='word_1_68' title='bbox 804 1467 811 1481; x_wconf 95' lang='grc'><strong><em>.</em></strong></span> <span class='ocrx_word' id='word_1_69' title='bbox 842 1463 849 1478; x_wconf 97' lang='grc'><strong><em>.</em></strong></span> <span class='ocrx_word' id='word_1_70' title='bbox 879 1417 993 1500; x_wconf 75' lang='grc' dir='ltr'><strong><em>,μηδὲ</em></strong></span> <span class='ocrx_word' id='word_1_71' title='bbox 1026 1415 1189 1500; x_wconf 79' lang='grc' dir='ltr'><strong><em>σύμφωνα</em></strong></span> <span class='ocrx_word' id='word_1_72' title='bbox 1222 1418 1264 1480; x_wconf 86' lang='grc' dir='ltr'>τὰ</span> <span class='ocrx_word' id='word_1_73' title='bbox 1296 1419 1398 1502; x_wconf 83' lang='grc' dir='ltr'><strong><em>βαρέα</em></strong></span> 
     </span>
     <span class='ocr_line' id='line_1_11' title="bbox 152 1516 1398 1607; baseline -0.001 -25"><span class='ocrx_word' id='word_1_74' title='bbox 152 1529 257 1582; x_wconf 75' lang='grc' dir='ltr'><strong><em>τοῖσιν</em></strong></span> <span class='ocrx_word' id='word_1_75' title='bbox 279 1516 363 1595; x_wconf 85' lang='grc' dir='ltr'><strong><em>δξέσι</em></strong></span> <span class='ocrx_word' id='word_1_76' title='bbox 387 1521 515 1602; x_wconf 84' lang='grc' dir='ltr'><strong><em>γένηται</em></strong></span> <span class='ocrx_word' id='word_1_77' title='bbox 537 1517 572 1581; x_wconf 80' lang='grc' dir='ltr'><strong><em>έν</em></strong></span> <span class='ocrx_word' id='word_1_78' title='bbox 594 1517 633 1605; x_wconf 79' lang='grc' dir='ltr'>τῇ</span> <span class='ocrx_word' id='word_1_79' title='bbox 655 1519 767 1605; x_wconf 77' lang='grc' dir='ltr'><strong><em>πρώτῃ</em></strong></span> <span class='ocrx_word' id='word_1_80' title='bbox 790 1521 960 1604; x_wconf 78' lang='grc' dir='ltr'><strong><em>συμφωνίῃ</em></strong></span> <span class='ocrx_word' id='word_1_81' title='bbox 982 1520 1001 1602; x_wconf 76' lang='grc' dir='ltr'><em>ἢ</em></span> <span class='ocrx_word' id='word_1_82' title='bbox 1023 1523 1063 1604; x_wconf 82' lang='grc' dir='ltr'>τῇ</span> <span class='ocrx_word' id='word_1_83' title='bbox 1085 1521 1214 1606; x_wconf 77' lang='grc' dir='ltr'><strong><em>δευτέρῃ</em></strong></span> <span class='ocrx_word' id='word_1_84' title='bbox 1236 1521 1257 1602; x_wconf 77' lang='grc' dir='ltr'><em>ἢ</em></span> <span class='ocrx_word' id='word_1_85' title='bbox 1279 1543 1314 1607; x_wconf 81' lang='grc' dir='ltr'>τῃ</span> <span class='ocrx_word' id='word_1_86' title='bbox 1342 1519 1398 1583; x_wconf 85' lang='grc' dir='ltr'>διὰ</span> 
     </span>
     <span class='ocr_line' id='line_1_12' title="bbox 153 1620 1399 1707; baseline 0.001 -22"><span class='ocrx_word' id='word_1_87' title='bbox 153 1620 291 1700; x_wconf 86' lang='grc' dir='ltr'><strong><em>παντός,</em></strong></span> <span class='ocrx_word' id='word_1_88' title='bbox 321 1625 409 1696; x_wconf 89' lang='grc' dir='ltr'><strong><em>τίνος</em></strong></span> <span class='ocrx_word' id='word_1_89' title='bbox 442 1621 689 1703; x_wconf 70' lang='grc' dir='ltr'><strong><em>ἀπογενομένου</em></strong></span> <span class='ocrx_word' id='word_1_90' title='bbox 724 1622 791 1696; x_wconf 84' lang='grc' dir='ltr'>πᾶς</span> <span class='ocrx_word' id='word_1_91' title='bbox 824 1621 845 1684; x_wconf 84' lang='grc' dir='ltr'>ὁ·</span> <span class='ocrx_word' id='word_1_92' title='bbox 875 1621 974 1694; x_wconf 82' lang='grc' dir='ltr'><strong><em>τόνος</em></strong></span> <span class='ocrx_word' id='word_1_93' title='bbox 1003 1620 1152 1703; x_wconf 84' lang='grc' dir='ltr'><strong><em>μάταιος·</em></strong></span> <span class='ocrx_word' id='word_1_94' title='bbox 1188 1621 1230 1687; x_wconf 81' lang='grc' dir='ltr'>οδ</span> <span class='ocrx_word' id='word_1_95' title='bbox 1261 1623 1322 1707; x_wconf 83' lang='grc' dir='ltr'>γάρ</span> <span class='ocrx_word' id='word_1_96' title='bbox 1356 1623 1399 1686; x_wconf 79' lang='grc' dir='ltr'><strong><em>ἄν</em></strong></span> 
     </span>
     <span class='ocr_line' id='line_1_13' title="bbox 154 1725 1397 1810; baseline 0.004 -23"><span class='ocrx_word' id='word_1_97' title='bbox 154 1729 362 1809; x_wconf 86' lang='grc' dir='ltr'><strong><em>προσαείσαι·</em></strong></span> <span class='ocrx_word' id='word_1_98' title='bbox 387 1725 457 1788; x_wconf 77' lang='grc' dir='ltr'>ἄλλ’</span> <span class='ocrx_word' id='word_1_99' title='bbox 474 1771 582 1788; x_wconf 91' lang='grc'><strong>.....</strong></span> <span class='ocrx_word' id='word_1_100' title='bbox 598 1746 689 1790; x_wconf 89' lang='lat' dir='ltr'><strong>muss</strong></span> <span class='ocrx_word' id='word_1_101' title='bbox 713 1727 819 1790; x_wconf 89' lang='lat' dir='ltr'>einern</span> <span class='ocrx_word' id='word_1_102' title='bbox 834 1726 1157 1809; x_wconf 72' lang='lat' dir='ltr'>Pythagoreerlropfe</span> <span class='ocrx_word' id='word_1_103' title='bbox 1173 1732 1397 1810; x_wconf 80' lang='lat' dir='ltr'>enlsprungen</span> 
     </span>
     <span class='ocr_line' id='line_1_14' title="bbox 152 1826 1398 1914; baseline 0.001 -21"><span class='ocrx_word' id='word_1_104' title='bbox 152 1831 233 1896; x_wconf 92' lang='lat' dir='ltr'>sein.</span> <span class='ocrx_word' id='word_1_105' title='bbox 279 1830 397 1895; x_wconf 84' lang='lat' dir='ltr'>Sexlus</span> <span class='ocrx_word' id='word_1_106' title='bbox 420 1829 637 1912; x_wconf 80' lang='lat' dir='ltr'>Empirikus1)</span> <span class='ocrx_word' id='word_1_107' title='bbox 666 1830 826 1895; x_wconf 78' lang='lat' dir='ltr'>berichlet</span> <span class='ocrx_word' id='word_1_108' title='bbox 854 1831 940 1894; x_wconf 90' lang='lat' dir='ltr'>denn</span> <span class='ocrx_word' id='word_1_109' title='bbox 964 1830 1062 1896; x_wconf 74' lang='lat' dir='ltr'>euch:</span> <span class='ocrx_word' id='word_1_110' title='bbox 1092 1826 1134 1904; x_wconf 77' lang='grc' dir='ltr'>ὡς</span> <span class='ocrx_word' id='word_1_111' title='bbox 1155 1831 1217 1914; x_wconf 84' lang='grc' dir='ltr'>γὰρ</span> <span class='ocrx_word' id='word_1_112' title='bbox 1239 1829 1296 1894; x_wconf 84' lang='grc' dir='ltr'><strong><em>τόν</em></strong></span> <span class='ocrx_word' id='word_1_113' title='bbox 1318 1830 1398 1894; x_wconf 87' lang='grc' dir='ltr'><strong><em>ὅλον</em></strong></span> 
     </span>
     <span class='ocr_line' id='line_1_15' title="bbox 151 1931 1398 2018; baseline 0.002 -24"><span class='ocrx_word' id='word_1_114' title='bbox 151 1931 276 2013; x_wconf 87' lang='grc' dir='ltr'><strong><em>κόσμον</em></strong></span> <span class='ocrx_word' id='word_1_115' title='bbox 297 1933 380 1995; x_wconf 84' lang='grc' dir='ltr'><strong><em>κατὰ</em></strong></span> <span class='ocrx_word' id='word_1_116' title='bbox 409 1931 569 2015; x_wconf 80' lang='grc' dir='ltr'><strong><em>ἁρμονίαν</em></strong></span> <span class='ocrx_word' id='word_1_117' title='bbox 595 1931 723 2012; x_wconf 87' lang='grc' dir='ltr'><strong><em>λέγουσι</em></strong></span> <span class='ocrx_word' id='word_1_118' title='bbox 751 1935 809 2016; x_wconf 82' lang='lat' dir='ltr'>(se.</span> <span class='ocrx_word' id='word_1_119' title='bbox 833 1934 1045 2018; x_wconf 76' lang='lat' dir='ltr'>Pythagorei)</span> <span class='ocrx_word' id='word_1_120' title='bbox 1076 1933 1284 2011; x_wconf 72' lang='grc' dir='ltr'><strong><em>διοικεῖσθαι,</em></strong></span> <span class='ocrx_word' id='word_1_121' title='bbox 1313 1936 1398 1998; x_wconf 79' lang='grc' dir='ltr'><strong><em>οὕτω</em></strong></span> 
     </span>
     <span class='ocr_line' id='line_1_16' title="bbox 152 2035 1397 2123; baseline 0.001 -25"><span class='ocrx_word' id='word_1_122' title='bbox 152 2038 207 2099; x_wconf 74' lang='grc' dir='ltr'><strong><em>καὶ</em></strong></span> <span class='ocrx_word' id='word_1_123' title='bbox 240 2036 278 2100; x_wconf 88' lang='grc' dir='ltr'>τὸ</span> <span class='ocrx_word' id='word_1_124' title='bbox 312 2037 394 2121; x_wconf 77' lang='grc' dir='ltr'><strong><em>ζῷον</em></strong></span> <span class='ocrx_word' id='word_1_125' title='bbox 427 2039 638 2123; x_wconf 73' lang='grc' dir='ltr'><strong><em>ψυχοῦσθαι·</em></strong></span> <span class='ocrx_word' id='word_1_126' title='bbox 679 2037 772 2100; x_wconf 74' lang='grc' dir='ltr'><strong><em>δοκεῖ</em></strong></span> <span class='ocrx_word' id='word_1_127' title='bbox 804 2037 840 2100; x_wconf 79' lang='grc' dir='ltr'>δὲ</span> <span class='ocrx_word' id='word_1_128' title='bbox 874 2036 893 2121; x_wconf 77' lang='grc' dir='ltr'><em>ἦ</em></span> <span class='ocrx_word' id='word_1_129' title='bbox 926 2036 1042 2110; x_wconf 84' lang='grc' dir='ltr'><strong><em>τέλειος</em></strong></span> <span class='ocrx_word' id='word_1_130' title='bbox 1074 2035 1216 2122; x_wconf 82' lang='grc' dir='ltr'><strong><em>άρμονία</em></strong></span> <span class='ocrx_word' id='word_1_131' title='bbox 1248 2038 1283 2102; x_wconf 79' lang='grc' dir='ltr'><strong><em>ἒν</em></strong></span> <span class='ocrx_word' id='word_1_132' title='bbox 1316 2039 1397 2123; x_wconf 78' lang='grc' dir='ltr'><strong><em>τρισὶ</em></strong></span> 
     </span>
     <span class='ocr_line' id='line_1_17' title="bbox 153 2140 1399 2230; baseline 0.002 -29"><span class='ocrx_word' id='word_1_133' title='bbox 153 2143 358 2222; x_wconf 80' lang='grc' dir='ltr'><strong><em>συμφωνίαις</em></strong></span> <span class='ocrx_word' id='word_1_134' title='bbox 384 2140 495 2223; x_wconf 74' lang='grc' dir='ltr'><strong><em>λαβεῖν</em></strong></span> <span class='ocrx_word' id='word_1_135' title='bbox 520 2141 578 2225; x_wconf 70' lang='grc' dir='ltr'><strong><em>τὴν</em></strong></span> <span class='ocrx_word' id='word_1_136' title='bbox 605 2140 789 2206; x_wconf 80' lang='grc' dir='ltr'><strong><em>ὑπόστασιν</em></strong></span> <span class='ocrx_word' id='word_1_137' title='bbox 816 2147 855 2227; x_wconf 78' lang='grc' dir='ltr'>τῇ</span> <span class='ocrx_word' id='word_1_138' title='bbox 880 2165 913 2203; x_wconf 85' lang='grc' dir='ltr'><strong><em>τε</em></strong></span> <span class='ocrx_word' id='word_1_139' title='bbox 943 2141 999 2204; x_wconf 86' lang='grc' dir='ltr'>διά</span> <span class='ocrx_word' id='word_1_140' title='bbox 1025 2140 1186 2226; x_wconf 80' lang='grc' dir='ltr'><strong><em>τεττάρων</em></strong></span> <span class='ocrx_word' id='word_1_141' title='bbox 1207 2144 1261 2205; x_wconf 78' lang='grc' dir='ltr'><strong><em>καὶ</em></strong></span> <span class='ocrx_word' id='word_1_142' title='bbox 1282 2147 1320 2230; x_wconf 76' lang='grc' dir='ltr'>τῇ</span> <span class='ocrx_word' id='word_1_143' title='bbox 1343 2142 1399 2206; x_wconf 84' lang='grc' dir='ltr'>διὰ</span> 
     </span>
     <span class='ocr_line' id='line_1_18' title="bbox 153 2245 1398 2332; baseline 0.004 -26"><span class='ocrx_word' id='word_1_144' title='bbox 153 2246 251 2307; x_wconf 79' lang='grc' dir='ltr'><strong><em>πέντε</em></strong></span> <span class='ocrx_word' id='word_1_145' title='bbox 278 2246 330 2307; x_wconf 75' lang='grc' dir='ltr'><strong><em>καὶ</em></strong></span> <span class='ocrx_word' id='word_1_146' title='bbox 358 2249 398 2332; x_wconf 79' lang='grc' dir='ltr'>τῇ</span> <span class='ocrx_word' id='word_1_147' title='bbox 425 2245 481 2308; x_wconf 85' lang='grc' dir='ltr'>διὰ</span> <span class='ocrx_word' id='word_1_148' title='bbox 509 2249 635 2310; x_wconf 76' lang='grc' dir='ltr'><strong><em>πασῶν.</em></strong></span> <span class='ocrx_word' id='word_1_149' title='bbox 681 2247 746 2311; x_wconf 90' lang='lat' dir='ltr'>Der</span> <span class='ocrx_word' id='word_1_150' title='bbox 768 2246 881 2311; x_wconf 80' lang='lat' dir='ltr'>Stiller</span> <span class='ocrx_word' id='word_1_151' title='bbox 908 2246 968 2310; x_wconf 89' lang='lat' dir='ltr'>der</span> <span class='ocrx_word' id='word_1_152' title='bbox 991 2246 1109 2312; x_wconf 87' lang='lat' dir='ltr'>Schule</span> <span class='ocrx_word' id='word_1_153' title='bbox 1141 2248 1222 2312; x_wconf 87' lang='lat' dir='ltr'>wird</span> <span class='ocrx_word' id='word_1_154' title='bbox 1251 2267 1288 2312; x_wconf 91' lang='lat' dir='ltr'>so</span> <span class='ocrx_word' id='word_1_155' title='bbox 1311 2247 1398 2313; x_wconf 80' lang='lat' dir='ltr'>noch</span> 
     </span>
     <span class='ocr_line' id='line_1_19' title="bbox 153 2349 614 2431; baseline 0.004 -19"><span class='ocrx_word' id='word_1_156' title='bbox 153 2349 254 2426; x_wconf 76' lang='lat' dir='ltr'>nieht</span> <span class='ocrx_word' id='word_1_157' title='bbox 268 2350 470 2431; x_wconf 84' lang='lat' dir='ltr'>gesproclren</span> <span class='ocrx_word' id='word_1_158' title='bbox 493 2349 614 2414; x_wconf 86' lang='lat' dir='ltr'>haben.</span> 
     </span>
    </p>
   </div>
   <div class='ocr_carea' id='block_1_3' title="bbox 509 2531 1146 2623">
    <p class='ocr_par' dir='ltr' id='par_1_4' title="bbox 509 2531 1146 2623">
     <span class='ocr_line' id='line_1_20' title="bbox 509 2531 1146 2623; baseline -0.003 -1"><span class='ocrx_word' id='word_1_159' title='bbox 509 2557 541 2622; x_wconf 82' lang='lat' dir='ltr'>r.</span> <span class='ocrx_word' id='word_1_160' title='bbox 576 2554 812 2623; x_wconf 74' lang='lat' dir='ltr'>oenrrohrnt</span> <span class='ocrx_word' id='word_1_161' title='bbox 834 2555 906 2620; x_wconf 80' lang='lat' dir='ltr'>uno</span> <span class='ocrx_word' id='word_1_162' title='bbox 929 2555 1046 2621; x_wconf 76' lang='lat' dir='ltr'>wine.</span> <span class='ocrx_word' id='word_1_163' title='bbox 1145 2531 1146 2536; x_wconf 67' lang='lat'>&#39;</span> 
     </span>
    </p>
   </div>
   <div class='ocr_carea' id='block_1_4' title="bbox 155 2675 1485 4209">
    <p class='ocr_par' dir='ltr' id='par_1_5' title="bbox 155 2675 1485 4209">
     <span class='ocr_line' id='line_1_21' title="bbox 244 2675 1485 2760; baseline -0.003 -20"><span class='ocrx_word' id='word_1_164' title='bbox 244 2676 301 2741; x_wconf 90' lang='lat' dir='ltr'>Die</span> <span class='ocrx_word' id='word_1_165' title='bbox 324 2677 443 2741; x_wconf 88' lang='lat' dir='ltr'>beiden</span> <span class='ocrx_word' id='word_1_166' title='bbox 466 2675 641 2758; x_wconf 85' lang='lat' dir='ltr'>folgenden</span> <span class='ocrx_word' id='word_1_167' title='bbox 664 2677 793 2760; x_wconf 83' lang='lat' dir='ltr'>Kapitel</span> <span class='ocrx_word' id='word_1_168' title='bbox 816 2677 869 2759; x_wconf 73' lang='lat'>(37</span> <span class='ocrx_word' id='word_1_169' title='bbox 889 2675 958 2740; x_wconf 90' lang='lat' dir='ltr'>und</span> <span class='ocrx_word' id='word_1_170' title='bbox 982 2675 1036 2758; x_wconf 83' lang='lat'>38)</span> <span class='ocrx_word' id='word_1_171' title='bbox 1060 2679 1176 2756; x_wconf 76' lang='lat' dir='ltr'>tragon</span> <span class='ocrx_word' id='word_1_172' title='bbox 1201 2677 1251 2740; x_wconf 91' lang='lat' dir='ltr'>die</span> <span class='ocrx_word' id='word_1_173' title='bbox 1273 2675 1400 2741; x_wconf 88' lang='lat' dir='ltr'>Ueber-</span> <span class='ocrx_word' id='word_1_174' title='bbox 1481 2731 1485 2736; x_wconf 22' lang='grc' dir='ltr'><strong><em>ε</em></strong></span> 
     </span>
     <span class='ocr_line' id='line_1_22' title="bbox 155 2769 1399 2865; baseline 0 -22"><span class='ocrx_word' id='word_1_175' title='bbox 155 2779 328 2844; x_wconf 76' lang='lat' dir='ltr'>Schriften:</span> <span class='ocrx_word' id='word_1_176' title='bbox 351 2781 480 2865; x_wconf 85' lang='grc' dir='ltr'><strong><em>χωρέων</em></strong></span> <span class='ocrx_word' id='word_1_177' title='bbox 503 2779 539 2843; x_wconf 80' lang='grc' dir='ltr'>δὲ</span> <span class='ocrx_word' id='word_1_178' title='bbox 560 2782 656 2844; x_wconf 76' lang='grc' dir='ltr'><strong><em>θέσιν</em></strong></span> <span class='ocrx_word' id='word_1_179' title='bbox 678 2780 731 2842; x_wconf 81' lang='grc' dir='ltr'><strong><em>καὶ</em></strong></span> <span class='ocrx_word' id='word_1_180' title='bbox 748 2779 847 2862; x_wconf 84' lang='grc' dir='ltr'><strong><em>φύσιν</em></strong></span> <span class='ocrx_word' id='word_1_181' title='bbox 862 2778 1004 2842; x_wconf 77' lang='grc' dir='ltr'><strong><em>ἑκάστων</em></strong></span> <span class='ocrx_word' id='word_1_182' title='bbox 1019 2769 1083 2842; x_wconf 66' lang='lat' dir='ltr'>vide</span> <span class='ocrx_word' id='word_1_183' title='bbox 1098 2778 1159 2862; x_wconf 77' lang='grc' dir='ltr'>χρὴ</span> <span class='ocrx_word' id='word_1_184' title='bbox 1176 2777 1399 2859; x_wconf 72' lang='grc' dir='ltr'><strong><em>διαγινώσκειν</em></strong></span> 
     </span>
     <span class='ocr_line' id='line_1_23' title="bbox 155 2872 1400 2968; baseline -0.002 -21"><span class='ocrx_word' id='word_1_185' title='bbox 155 2884 224 2947; x_wconf 89' lang='lat' dir='ltr'>und</span> <span class='ocrx_word' id='word_1_186' title='bbox 247 2882 321 2965; x_wconf 82' lang='grc' dir='ltr'><strong><em>περὶ</em></strong></span> <span class='ocrx_word' id='word_1_187' title='bbox 346 2881 383 2945; x_wconf 79' lang='grc' dir='ltr'>δὲ</span> <span class='ocrx_word' id='word_1_188' title='bbox 405 2881 600 2964; x_wconf 85' lang='grc' dir='ltr'><strong><em>πνευμάτων</em></strong></span> <span class='ocrx_word' id='word_1_189' title='bbox 621 2884 733 2968; x_wconf 82' lang='grc' dir='ltr'><strong><em>ἥντινα</em></strong></span> <span class='ocrx_word' id='word_1_190' title='bbox 757 2883 857 2965; x_wconf 84' lang='grc' dir='ltr'><strong><em>φύσιν</em></strong></span> <span class='ocrx_word' id='word_1_191' title='bbox 876 2881 940 2964; x_wconf 81' lang='grc' dir='ltr'><strong><em>ἔχει</em></strong></span> <span class='ocrx_word' id='word_1_192' title='bbox 955 2883 1009 2945; x_wconf 75' lang='grc' dir='ltr'><strong><em>καὶ</em></strong></span> <span class='ocrx_word' id='word_1_193' title='bbox 1025 2882 1166 2964; x_wconf 80' lang='grc' dir='ltr'><strong><em>δύναμιν</em></strong></span> <span class='ocrx_word' id='word_1_194' title='bbox 1181 2886 1310 2958; x_wconf 77' lang='grc' dir='ltr'><strong><em>ἕκαστα,</em></strong></span> <span class='ocrx_word' id='word_1_195' title='bbox 1335 2872 1400 2946; x_wconf 74' lang='grc' dir='ltr'><strong><em>ὧδε</em></strong></span> 
     </span>
     <span class='ocr_line' id='line_1_24' title="bbox 155 2984 1400 3070; baseline 0.002 -21"><span class='ocrx_word' id='word_1_196' title='bbox 155 2987 216 3070; x_wconf 77' lang='grc' dir='ltr'>χρὴ</span> <span class='ocrx_word' id='word_1_197' title='bbox 251 2984 484 3065; x_wconf 84' lang='grc' dir='ltr'><strong><em>διαγινώσκειν.</em></strong></span> <span class='ocrx_word' id='word_1_198' title='bbox 535 2988 588 3052; x_wconf 89' lang='lat' dir='ltr'>Sie</span> <span class='ocrx_word' id='word_1_199' title='bbox 622 2987 720 3052; x_wconf 86' lang='lat' dir='ltr'>fallen</span> <span class='ocrx_word' id='word_1_200' title='bbox 754 2987 927 3052; x_wconf 84' lang='lat' dir='ltr'>seheinbor</span> <span class='ocrx_word' id='word_1_201' title='bbox 961 3008 1021 3052; x_wconf 83' lang='lat' dir='ltr'>aus</span> <span class='ocrx_word' id='word_1_202' title='bbox 1055 2987 1130 3051; x_wconf 90' lang='lat' dir='ltr'>dern</span> <span class='ocrx_word' id='word_1_203' title='bbox 1159 2987 1311 3052; x_wconf 85' lang='lat' dir='ltr'>Rehmen</span> <span class='ocrx_word' id='word_1_204' title='bbox 1342 2989 1400 3052; x_wconf 87' lang='lat' dir='ltr'>des</span> 
     </span>
     <span class='ocr_line' id='line_1_25' title="bbox 157 3091 1399 3174; baseline 0.001 -20"><span class='ocrx_word' id='word_1_205' title='bbox 157 3091 294 3154; x_wconf 89' lang='lat' dir='ltr'>Werkes</span> <span class='ocrx_word' id='word_1_206' title='bbox 317 3091 446 3169; x_wconf 74' lang='lat' dir='ltr'>herous,</span> <span class='ocrx_word' id='word_1_207' title='bbox 470 3091 558 3155; x_wconf 89' lang='lat' dir='ltr'>denn</span> <span class='ocrx_word' id='word_1_208' title='bbox 581 3092 666 3156; x_wconf 84' lang='lat' dir='ltr'>nach</span> <span class='ocrx_word' id='word_1_209' title='bbox 687 3091 744 3155; x_wconf 89' lang='lat' dir='ltr'>der</span> <span class='ocrx_word' id='word_1_210' title='bbox 759 3092 958 3174; x_wconf 77' lang='lat' dir='ltr'>Disposition</span> <span class='ocrx_word' id='word_1_211' title='bbox 976 3091 1070 3156; x_wconf 83' lang='lat' dir='ltr'>sollte</span> <span class='ocrx_word' id='word_1_212' title='bbox 1088 3091 1139 3156; x_wconf 92' lang='lat' dir='ltr'>die</span> <span class='ocrx_word' id='word_1_213' title='bbox 1155 3092 1399 3156; x_wconf 85' lang='lat' dir='ltr'>Auseinander-</span> 
     </span>
     <span class='ocr_line' id='line_1_26' title="bbox 156 3194 1401 3276; baseline -0.002 -17"><span class='ocrx_word' id='word_1_214' title='bbox 156 3198 293 3275; x_wconf 80' lang='lat' dir='ltr'>selzung</span> <span class='ocrx_word' id='word_1_215' title='bbox 315 3195 397 3258; x_wconf 75' lang='lat' dir='ltr'>tiber</span> <span class='ocrx_word' id='word_1_216' title='bbox 420 3194 533 3276; x_wconf 88' lang='lat' dir='ltr'>Speise</span> <span class='ocrx_word' id='word_1_217' title='bbox 556 3196 624 3259; x_wconf 90' lang='lat' dir='ltr'>und</span> <span class='ocrx_word' id='word_1_218' title='bbox 648 3194 759 3258; x_wconf 80' lang='lat' dir='ltr'>Trank</span> <span class='ocrx_word' id='word_1_219' title='bbox 782 3195 901 3275; x_wconf 82' lang='lat' dir='ltr'>folgen.</span> <span class='ocrx_word' id='word_1_220' title='bbox 949 3195 993 3258; x_wconf 90' lang='lat' dir='ltr'>So</span> <span class='ocrx_word' id='word_1_221' title='bbox 1017 3195 1139 3258; x_wconf 68' lang='lat' dir='ltr'>erkldrl</span> <span class='ocrx_word' id='word_1_222' title='bbox 1162 3215 1196 3259; x_wconf 90' lang='lat' dir='ltr'>es</span> <span class='ocrx_word' id='word_1_223' title='bbox 1220 3195 1298 3275; x_wconf 83' lang='lat' dir='ltr'>sich,</span> <span class='ocrx_word' id='word_1_224' title='bbox 1323 3196 1401 3258; x_wconf 87' lang='lat' dir='ltr'>dass</span> 
     </span>
     <span class='ocr_line' id='line_1_27' title="bbox 156 3297 1400 3376; baseline 0.001 -15"><span class='ocrx_word' id='word_1_225' title='bbox 156 3299 204 3362; x_wconf 91' lang='lat' dir='ltr'>sie</span> <span class='ocrx_word' id='word_1_226' title='bbox 232 3297 334 3361; x_wconf 81' lang='lat' dir='ltr'>sehon</span> <span class='ocrx_word' id='word_1_227' title='bbox 363 3317 402 3362; x_wconf 89' lang='lat' dir='ltr'>zu</span> <span class='ocrx_word' id='word_1_228' title='bbox 427 3297 545 3362; x_wconf 85' lang='lat' dir='ltr'>Galens</span> <span class='ocrx_word' id='word_1_229' title='bbox 568 3299 680 3362; x_wconf 81' lang='lat' dir='ltr'>Zeiten</span> <span class='ocrx_word' id='word_1_230' title='bbox 710 3297 788 3362; x_wconf 84' lang='lat' dir='ltr'>bald</span> <span class='ocrx_word' id='word_1_231' title='bbox 817 3298 892 3361; x_wconf 90' lang='lat' dir='ltr'>dern</span> <span class='ocrx_word' id='word_1_232' title='bbox 916 3302 1036 3376; x_wconf 84' lang='lat' dir='ltr'>ersten,</span> <span class='ocrx_word' id='word_1_233' title='bbox 1064 3298 1140 3362; x_wconf 84' lang='lat' dir='ltr'>hald</span> <span class='ocrx_word' id='word_1_234' title='bbox 1164 3299 1240 3362; x_wconf 90' lang='lat' dir='ltr'>dem</span> <span class='ocrx_word' id='word_1_235' title='bbox 1264 3299 1400 3363; x_wconf 84' lang='lat' dir='ltr'>zweiten</span> 
     </span>
     <span class='ocr_line' id='line_1_28' title="bbox 156 3394 1400 3485; baseline -0.003 -19"><span class='ocrx_word' id='word_1_236' title='bbox 156 3401 345 3484; x_wconf 81' lang='lat' dir='ltr'>Hauplleile</span> <span class='ocrx_word' id='word_1_237' title='bbox 368 3402 582 3482; x_wconf 82' lang='lat' dir='ltr'>heigeordnet</span> <span class='ocrx_word' id='word_1_238' title='bbox 605 3403 743 3466; x_wconf 87' lang='lat' dir='ltr'>worden</span> <span class='ocrx_word' id='word_1_239' title='bbox 767 3394 862 3485; x_wconf 78' lang='grc' dir='ltr'><strong><em>(ἀρχὴ</em></strong></span> <span class='ocrx_word' id='word_1_240' title='bbox 886 3399 924 3463; x_wconf 85' lang='grc' dir='ltr'>δέ</span> <span class='ocrx_word' id='word_1_241' title='bbox 945 3399 1032 3463; x_wconf 79' lang='grc' dir='ltr'><strong><em>ἐστιν</em></strong></span> <span class='ocrx_word' id='word_1_242' title='bbox 1054 3398 1160 3466; x_wconf 83' lang='grc' dir='ltr'><strong><em>αότοῦ</em></strong></span> <span class='ocrx_word' id='word_1_243' title='bbox 1178 3403 1234 3483; x_wconf 81' lang='lat' dir='ltr'><strong>(sc.</strong></span> <span class='ocrx_word' id='word_1_244' title='bbox 1251 3406 1310 3465; x_wconf 81' lang='grc' dir='ltr'>τοῦ</span> <span class='ocrx_word' id='word_1_245' title='bbox 1325 3400 1400 3484; x_wconf 76' lang='grc' dir='ltr'><strong><em>περὶ</em></strong></span> 
     </span>
     <span class='ocr_line' id='line_1_29' title="bbox 158 3503 1400 3591; baseline -0.002 -23"><span class='ocrx_word' id='word_1_246' title='bbox 158 3505 284 3588; x_wconf 83' lang='grc' dir='ltr'><strong><em>διαίτης</em></strong></span> <span class='ocrx_word' id='word_1_247' title='bbox 305 3505 445 3591; x_wconf 74' lang='grc' dir='ltr'><strong><em>βιβλίου)</em></strong></span> <span class='ocrx_word' id='word_1_248' title='bbox 469 3507 552 3567; x_wconf 83' lang='grc' dir='ltr'><strong><em>κατὰ</em></strong></span> <span class='ocrx_word' id='word_1_249' title='bbox 574 3505 632 3586; x_wconf 77' lang='grc' dir='ltr'><strong><em>μὲν</em></strong></span> <span class='ocrx_word' id='word_1_250' title='bbox 654 3503 723 3567; x_wconf 76' lang='grc' dir='ltr'><strong><em>ε”νια</em></strong></span> <span class='ocrx_word' id='word_1_251' title='bbox 745 3509 810 3567; x_wconf 84' lang='grc' dir='ltr'><strong><em>τών</em></strong></span> <span class='ocrx_word' id='word_1_252' title='bbox 832 3503 1042 3588; x_wconf 79' lang='grc' dir='ltr'><strong><em>ἀντιγράφων</em></strong></span> <span class='ocrx_word' id='word_1_253' title='bbox 1065 3504 1132 3584; x_wconf 76' lang='grc' dir='ltr'><strong><em>ἥδε.</em></strong></span> <span class='ocrx_word' id='word_1_254' title='bbox 1171 3507 1280 3568; x_wconf 84' lang='grc' dir='ltr'><strong><em>σιτίων</em></strong></span> <span class='ocrx_word' id='word_1_255' title='bbox 1299 3504 1400 3566; x_wconf 78' lang='grc' dir='ltr'><strong><em>τεκαὶ</em></strong></span> 
     </span>
     <span class='ocr_line' id='line_1_30' title="bbox 157 3606 1402 3692; baseline -0.002 -20"><span class='ocrx_word' id='word_1_256' title='bbox 157 3608 318 3691; x_wconf 87' lang='grc' dir='ltr'><strong><em>πομάτων</em></strong></span> <span class='ocrx_word' id='word_1_257' title='bbox 352 3607 493 3689; x_wconf 81' lang='grc' dir='ltr'><strong><em>δύναμιν</em></strong></span> <span class='ocrx_word' id='word_1_258' title='bbox 525 3606 660 3674; x_wconf 81' lang='grc' dir='ltr'><strong><em>ἑκάστου</em></strong></span> <span class='ocrx_word' id='word_1_259' title='bbox 694 3608 747 3670; x_wconf 82' lang='grc' dir='ltr'><strong><em>καὶ</em></strong></span> <span class='ocrx_word' id='word_1_260' title='bbox 773 3608 831 3690; x_wconf 78' lang='grc' dir='ltr'><strong><em>τὴν</em></strong></span> <span class='ocrx_word' id='word_1_261' title='bbox 859 3606 942 3670; x_wconf 88' lang='grc' dir='ltr'><strong><em>κατὰ</em></strong></span> <span class='ocrx_word' id='word_1_262' title='bbox 969 3607 1070 3690; x_wconf 80' lang='grc' dir='ltr'><strong><em>φύσιν</em></strong></span> <span class='ocrx_word' id='word_1_263' title='bbox 1097 3607 1151 3670; x_wconf 87' lang='grc' dir='ltr'><strong><em>καὶ</em></strong></span> <span class='ocrx_word' id='word_1_264' title='bbox 1178 3607 1235 3692; x_wconf 74' lang='grc' dir='ltr'><strong><em>τὴν</em></strong></span> <span class='ocrx_word' id='word_1_265' title='bbox 1264 3607 1320 3670; x_wconf 88' lang='grc' dir='ltr'>διά</span> <span class='ocrx_word' id='word_1_266' title='bbox 1346 3613 1402 3692; x_wconf 79' lang='grc' dir='ltr'>τῆς</span> 
     </span>
     <span class='ocr_line' id='line_1_31' title="bbox 156 3704 1402 3798; baseline -0.002 -21"><span class='ocrx_word' id='word_1_267' title='bbox 156 3717 269 3797; x_wconf 83' lang='grc' dir='ltr'><strong><em>τέχνης</em></strong></span> <span class='ocrx_word' id='word_1_268' title='bbox 302 3704 367 3776; x_wconf 69' lang='lat' dir='ltr'>dds</span> <span class='ocrx_word' id='word_1_269' title='bbox 393 3715 452 3798; x_wconf 80' lang='grc' dir='ltr'>χρὴ</span> <span class='ocrx_word' id='word_1_270' title='bbox 480 3712 645 3793; x_wconf 81' lang='grc' dir='ltr'><strong><em>γινώσκειν</em></strong></span> <span class='ocrx_word' id='word_1_271' title='bbox 671 3717 709 3796; x_wconf 78' lang='lat' dir='ltr'>(e.</span> <span class='ocrx_word' id='word_1_272' title='bbox 735 3714 805 3798; x_wconf 83' lang='grc'>39)·</span> <span class='ocrx_word' id='word_1_273' title='bbox 839 3712 873 3777; x_wconf 78' lang='grc' dir='ltr'><strong><em>ἐν</em></strong></span> <span class='ocrx_word' id='word_1_274' title='bbox 902 3711 1014 3785; x_wconf 82' lang='grc' dir='ltr'><strong><em>ἄλλοις</em></strong></span> <span class='ocrx_word' id='word_1_275' title='bbox 1042 3711 1077 3775; x_wconf 80' lang='grc' dir='ltr'>δὲ</span> <span class='ocrx_word' id='word_1_276' title='bbox 1104 3711 1177 3796; x_wconf 82' lang='grc' dir='ltr'><strong><em>ἥδε·</em></strong></span> <span class='ocrx_word' id='word_1_277' title='bbox 1212 3715 1338 3796; x_wconf 88' lang='grc' dir='ltr'><strong><em>χωρίων</em></strong></span> <span class='ocrx_word' id='word_1_278' title='bbox 1365 3711 1402 3774; x_wconf 76' lang='grc' dir='ltr'>δὲ</span> 
     </span>
     <span class='ocr_line' id='line_1_32' title="bbox 156 3808 1401 3901; baseline -0.001 -21"><span class='ocrx_word' id='word_1_279' title='bbox 156 3821 254 3881; x_wconf 74' lang='grc' dir='ltr'><strong><em>θέσιν</em></strong></span> <span class='ocrx_word' id='word_1_280' title='bbox 287 3818 339 3878; x_wconf 78' lang='grc' dir='ltr'><strong><em>καὶ</em></strong></span> <span class='ocrx_word' id='word_1_281' title='bbox 374 3817 473 3900; x_wconf 87' lang='grc' dir='ltr'><strong><em>φύσιν</em></strong></span> <span class='ocrx_word' id='word_1_282' title='bbox 505 3815 641 3881; x_wconf 81' lang='grc' dir='ltr'><strong><em>ἑκάστου</em></strong></span> <span class='ocrx_word' id='word_1_283' title='bbox 674 3808 740 3880; x_wconf 80' lang='grc' dir='ltr'><strong><em>ὦδε</em></strong></span> <span class='ocrx_word' id='word_1_284' title='bbox 772 3815 832 3901; x_wconf 79' lang='grc' dir='ltr'>χρὴ</span> <span class='ocrx_word' id='word_1_285' title='bbox 865 3814 1098 3895; x_wconf 83' lang='grc' dir='ltr'><strong><em>διαγινώσκειν.</em></strong></span> <span class='ocrx_word' id='word_1_286' title='bbox 1144 3817 1185 3879; x_wconf 94' lang='lat' dir='ltr'>VI</span> <span class='ocrx_word' id='word_1_287' title='bbox 1213 3817 1245 3880; x_wconf 93' lang='lat' dir='ltr'>S.</span> <span class='ocrx_word' id='word_1_288' title='bbox 1268 3816 1332 3880; x_wconf 76' lang='grc'>473</span> <span class='ocrx_word' id='word_1_289' title='bbox 1348 3815 1401 3898; x_wconf 88' lang='grc' dir='ltr'>Κ.)</span> 
     </span>
     <span class='ocr_line' id='line_1_33' title="bbox 158 3920 1404 4004; baseline -0.003 -18"><span class='ocrx_word' id='word_1_290' title='bbox 158 3921 317 3986; x_wconf 88' lang='lat' dir='ltr'>Dennooh</span> <span class='ocrx_word' id='word_1_291' title='bbox 351 3923 424 3986; x_wconf 86' lang='lat' dir='ltr'>sind</span> <span class='ocrx_word' id='word_1_292' title='bbox 459 3922 510 3986; x_wconf 91' lang='lat' dir='ltr'>die</span> <span class='ocrx_word' id='word_1_293' title='bbox 542 3922 662 3985; x_wconf 90' lang='lat' dir='ltr'>beiden</span> <span class='ocrx_word' id='word_1_294' title='bbox 692 3921 821 4004; x_wconf 82' lang='lat' dir='ltr'>Kapilel</span> <span class='ocrx_word' id='word_1_295' title='bbox 855 3921 939 3985; x_wconf 84' lang='lat' dir='ltr'>nach</span> <span class='ocrx_word' id='word_1_296' title='bbox 973 3940 1054 3984; x_wconf 89' lang='lat' dir='ltr'>vorn</span> <span class='ocrx_word' id='word_1_297' title='bbox 1089 3921 1158 3984; x_wconf 91' lang='lat' dir='ltr'>und</span> <span class='ocrx_word' id='word_1_298' title='bbox 1192 3920 1304 3984; x_wconf 84' lang='lat' dir='ltr'>hinlen</span> <span class='ocrx_word' id='word_1_299' title='bbox 1339 3938 1404 3998; x_wconf 82' lang='lat' dir='ltr'>eng</span> 
     </span>
     <span class='ocr_line' id='line_1_34' title="bbox 158 4021 1401 4090; baseline -0.004 0"><span class='ocrx_word' id='word_1_300' title='bbox 158 4025 391 4090; x_wconf 82' lang='lat' dir='ltr'>verklammert</span> <span class='ocrx_word' id='word_1_301' title='bbox 427 4026 495 4090; x_wconf 91' lang='lat' dir='ltr'>und</span> <span class='ocrx_word' id='word_1_302' title='bbox 532 4026 641 4090; x_wconf 89' lang='lat' dir='ltr'>bilden</span> <span class='ocrx_word' id='word_1_303' title='bbox 680 4027 731 4089; x_wconf 89' lang='lat' dir='ltr'>ein</span> <span class='ocrx_word' id='word_1_304' title='bbox 768 4025 995 4089; x_wconf 78' lang='lat' dir='ltr'>wesenlliohes</span> <span class='ocrx_word' id='word_1_305' title='bbox 1030 4023 1129 4088; x_wconf 78' lang='lat' dir='ltr'>Sldek</span> <span class='ocrx_word' id='word_1_306' title='bbox 1167 4023 1224 4086; x_wconf 89' lang='lat' dir='ltr'>des</span> <span class='ocrx_word' id='word_1_307' title='bbox 1259 4021 1401 4086; x_wconf 84' lang='lat' dir='ltr'>Ganzen.</span> 
     </span>
     <span class='ocr_line' id='line_1_35' title="bbox 157 4125 1403 4209; baseline -0.006 -13"><span class='ocrx_word' id='word_1_308' title='bbox 157 4132 206 4196; x_wconf 87' lang='lat' dir='ltr'>lm</span> <span class='ocrx_word' id='word_1_309' title='bbox 230 4130 369 4209; x_wconf 85' lang='lat' dir='ltr'>Prologe</span> <span class='ocrx_word' id='word_1_310' title='bbox 384 4128 454 4194; x_wconf 66' lang='lat' dir='ltr'>liat</span> <span class='ocrx_word' id='word_1_311' title='bbox 482 4129 540 4193; x_wconf 91' lang='lat' dir='ltr'>der</span> <span class='ocrx_word' id='word_1_312' title='bbox 563 4131 669 4193; x_wconf 86' lang='lat' dir='ltr'>Aulor</span> <span class='ocrx_word' id='word_1_313' title='bbox 696 4129 754 4192; x_wconf 83' lang='lat' dir='ltr'>aul</span> <span class='ocrx_word' id='word_1_314' title='bbox 774 4130 826 4192; x_wconf 92' lang='lat' dir='ltr'>die</span> <span class='ocrx_word' id='word_1_315' title='bbox 849 4128 1060 4208; x_wconf 78' lang='lat' dir='ltr'>Wiehtigkeil</span> <span class='ocrx_word' id='word_1_316' title='bbox 1083 4127 1141 4190; x_wconf 92' lang='lat' dir='ltr'>der</span> <span class='ocrx_word' id='word_1_317' title='bbox 1164 4125 1403 4204; x_wconf 83' lang='lat' dir='ltr'>Beobachtung</span> 
     </span>
    </p>
   </div>
   <div class='ocr_carea' id='block_1_5' title="bbox 249 4332 1195 4405">
    <p class='ocr_par' dir='ltr' id='par_1_6' title="bbox 249 4332 1195 4405">
     <span class='ocr_line' id='line_1_36' title="bbox 249 4332 1195 4405; baseline -0.004 -15"><span class='ocrx_word' id='word_1_318' title='bbox 249 4335 267 4405; x_wconf 85' lang='lat'>¹)</span> <span class='ocrx_word' id='word_1_319' title='bbox 286 4335 335 4403; x_wconf 86' lang='lat' dir='ltr'>IV,</span> <span class='ocrx_word' id='word_1_320' title='bbox 354 4337 369 4389; x_wconf 89' lang='lat'>6</span> <span class='ocrx_word' id='word_1_321' title='bbox 388 4335 504 4390; x_wconf 84' lang='lat' dir='ltr'>Bekker</span> <span class='ocrx_word' id='word_1_322' title='bbox 524 4335 579 4405; x_wconf 86' lang='lat' dir='ltr'>vgl.</span> <span class='ocrx_word' id='word_1_323' title='bbox 598 4333 626 4388; x_wconf 88' lang='lat' dir='ltr'>S.</span> <span class='ocrx_word' id='word_1_324' title='bbox 646 4334 705 4403; x_wconf 71' lang='lat'>210,</span> <span class='ocrx_word' id='word_1_325' title='bbox 726 4337 753 4403; x_wconf 82' lang='lat'>13</span> <span class='ocrx_word' id='word_1_326' title='bbox 773 4335 832 4403; x_wconf 77' lang='lat'>533,</span> <span class='ocrx_word' id='word_1_327' title='bbox 850 4334 879 4403; x_wconf 77' lang='lat'>53</span> <span class='ocrx_word' id='word_1_328' title='bbox 898 4333 993 4388; x_wconf 87' lang='lat' dir='ltr'>Zeller</span> <span class='ocrx_word' id='word_1_329' title='bbox 1010 4332 1026 4386; x_wconf 87' lang='grc' dir='ltr'>Ι</span> <span class='ocrx_word' id='word_1_330' title='bbox 1044 4332 1073 4388; x_wconf 90' lang='lat' dir='ltr'>S.</span> <span class='ocrx_word' id='word_1_331' title='bbox 1092 4333 1151 4400; x_wconf 89' lang='grc'>400,</span> <span class='ocrx_word' id='word_1_332' title='bbox 1170 4333 1195 4386; x_wconf 81' lang='grc'>7.</span> 
     </span>
    </p>
   </div>
   <div class='ocr_carea' id='block_1_6' title="bbox 0 0 1571 4928">
    <p class='ocr_par' dir='ltr' id='par_1_7' title="bbox 0 0 1571 4928">
     <span class='ocr_line' id='line_1_37' title="bbox 0 0 1571 4928; baseline 0 0"><span class='ocrx_word' id='word_1_333' title='bbox 0 0 1571 4928; x_wconf 95' lang='lat' dir='ltr'> </span> 
     </span>
    </p>
   </div>
  </div>
 </body>
</html>
