3120 4928
659 422 897 487 -213-

803 630 910 677 νουσι·
933 614 1037 676 ταῦτα
1058 614 1120 696 γὰρ
1143 613 1271 697 ότυρὸς
1287 638 1395 701 προα-

802 715 935 797 γορεύει.
970 716 1044 796 271,
1067 719 1107 783 16
1130 715 1225 793 ἔδοξέ
1237 741 1283 791 τις
1299 718 1398 800 ἄρτον

802 817 1008 898 ἀποβάπτων
1029 821 1073 894 εἷς
1094 820 1166 903 μέλι
1188 818 1333 902 ἐσθίειν).

197 925 271 1001 660,
308 925 345 986 11
385 925 448 986 ὅσα
486 923 522 985 δὲ
558 924 694 1004 μάχεται
730 923 750 1006 ἢ
847 923 919 1001 172,
943 924 984 988 23
1003 923 1170 1005 μάχεσθαι
1185 935 1253 998 τοῖς
1269 925 1398 997 οἰκείοις

153 1037 310 1090 κεντεῖται
332 1029 351 1108 ἢ
374 1025 538 1090 συνδεῖται
553 1025 616 1090 ὑπ’
634 1025 748 1100 ἄλλου,
803 1019 862 1088 οὐκ
884 1024 1017 1103 ἀγαθόν
1032 1021 1110 1090 οὐδὲ
1124 1037 1193 1101 τοῖς
1207 1026 1298 1100 ἐκτός
1314 1076 1320 1090 .
1338 1076 1345 1090 .
1364 1075 1370 1091 .
1389 1076 1396 1090 .

150 1128 327 1213 ἅπόιιρισιν
339 1131 484 1210 σημαίνει
499 1129 572 1209 (vgl.
592 1131 665 1209 642,
685 1130 749 1212 12).
802 1135 908 1193 νοσῶν
931 1129 970 1192 δέ
982 1154 1030 1204 τις
1048 1129 1107 1194 ἐὰν
1124 1130 1205 1215 δόξῃ
1220 1128 1396 1212 μάχεσθαι,

234 1264 238 1272 ·
804 1231 1002 1318 παρακόψει.

196 1335 272 1414 662,
296 1335 315 1398 2
339 1340 498 1416 ποταμῶν
521 1334 698 1417 διαβάσιος,
847 1336 909 1415 vgl.
936 1338 1008 1421 122,
1038 1341 1078 1406 18
1107 1338 1253 1421 πονηρόν
1282 1336 1318 1398 δὲ
1344 1337 1397 1397 καῖ

802 1442 839 1502 τό
864 1439 899 1503 ἐν
922 1443 1060 1524 ποταμῷ
1081 1439 1213 1503 ἑστάναι
1234 1442 1287 1502 καὶ
1303 1463 1397 1521 περι-

695 1556 701 1565 ’
803 1540 979 1616 naereses
994 1545 1048 1606 καὶ
1063 1547 1106 1628 μὴ
1124 1543 1293 1608 δύνασθαι
1308 1541 1397 1620 ἐξελ-

803 1648 888 1712 θεῖν.

197 1745 344 1822 ὁπλῖται,
368 1747 531 1829 πολέμιοι,
784 1799 786 1802 ⁴
849 1749 920 1828 127,
939 1752 979 1814 14
1002 1750 1147 1831 πόλεμος
1169 1746 1279 1811 καὶτὰ
1295 1747 1395 1812 πολέ-

162 1840 165 1846 Ᾰ
187 1857 188 1860 ’
802 1875 868 1934 μου
890 1851 968 1935 ἔργα
988 1860 1068 1916 πᾶσι
1084 1853 1226 1934 ταραχὰς
1243 1856 1397 1936 σημαίνει.

197 1954 252 2015 καὶ
275 1956 392 2036 τέρατα
417 1954 612 2040 ἅλλόμορφα
634 1956 751 2030 νόσους
847 1957 910 2036 vgl.
934 1957 1019 2020 oben
1044 1977 1083 2021 zu
1107 1958 1180 2036 660,
1206 1960 1234 2020 1.

154 2059 302 2140 σημαίνει
325 2057 344 2139 ἢ
366 2059 494 2139 μανίην.

242 2195 300 2258 Die
316 2196 469 2260 Methode
492 2197 550 2260 der
565 2197 720 2278 Deulung
742 2199 784 2262 ist
808 2217 914 2278 genau
938 2197 1096 2261 dieselbe:
1121 2197 1209 2280 alles,
1235 2217 1302 2262 was
1319 2195 1397 2260 σόν-

153 2301 246 2382 ηθτς,
270 2305 447 2383 προσῆκον,
472 2299 554 2362 κατὰ
576 2299 704 2384 τρόπον
726 2301 902 2383 geschieht‚
926 2320 995 2365 was
1018 2299 1169 2383 καθαρόν
1193 2303 1261 2365 und
1284 2299 1400 2363 λευκόν

153 2404 206 2478 ist,
232 2402 388 2466 bedeulet
405 2407 507 2467 etwas
524 2403 625 2468 Gules
641 2441 684 2451 -
700 2405 790 2483 aber,
815 2405 874 2469 das
890 2405 930 2468 isi
947 2404 1005 2467 der
1022 2403 1268 2468 fundamentale
1285 2403 1398 2466 Umer-

153 2506 276 2582 sohied‚
307 2506 358 2568 bei
381 2507 569 2572 Artemidor
596 2508 639 2570 im
668 2507 895 2588 allgemeinen,
922 2508 1009 2571 heim
1033 2507 1237 2588 Compiletor
1260 2506 1312 2570 fiir
1335 2506 1400 2570 den

156 2608 328 2691 Korper.¹)
374 2609 527 2674 Dadureh
555 2611 799 2675 unierscbeidet
827 2611 895 2674 sich
923 2610 981 2673 der
1004 2609 1182 2673 Dialeliker
1209 2609 1292 2672 eben
1316 2609 1400 2672 euch

152 2732 220 2777 von
247 2713 359 2776 seinen
384 2712 595 2793 Vorgbngern
626 2714 707 2778 oder
736 2734 799 2778 von
829 2715 935 2778 seiner
961 2712 1107 2792 Vorlage‚
1142 2713 1203 2775 wie
1235 2732 1270 2776 er
1297 2711 1400 2775 selbst

153 2820 308 2880 verralen
331 2816 399 2883 hat.
437 2818 642 2882 Artemidors
659 2818 797 2896 Qnellen
820 2819 901 2882 oder
917 2819 968 2882 die
985 2817 1123 2896 Quellen
1139 2818 1246 2881 seiner
1263 2815 1400 2895 Quellen

247 3058 266 3128 ¹)
285 3058 347 3114 Der
359 3059 510 3114 Verfasser
523 3077 579 3114 von
597 3061 658 3129 περὶ
671 3061 837 3130 ἑβδομάδων
849 3062 958 3132 spricht
970 3061 1024 3116 wie
1038 3061 1089 3114 der
1101 3059 1279 3128 Compilator
1291 3059 1327 3127 (e.
1339 3059 1400 3127 45):

153 3146 285 3200 iudicare
304 3145 430 3214 (κρίνειν)
455 3151 550 3200 autem
574 3152 690 3216 oportet
713 3148 749 3202 de
767 3148 820 3216 his,
844 3166 918 3218 quae
937 3149 967 3200 in
986 3164 1140 3202 eonsomno
1159 3146 1293 3200 videntur
1311 3146 1401 3215 aegri·

153 3232 278 3298 tudines‚
301 3237 421 3302 propter
439 3232 506 3286 boe:
529 3234 623 3287 anima
642 3233 757 3303 quando
776 3235 806 3286 in
824 3251 923 3288 somno
941 3235 1063 3300 venerit,
1086 3249 1273 3302 quaeeunque
1292 3233 1402 3300 patitur

153 3319 217 3373 eius
237 3317 315 3371 calor
333 3335 367 3370 ex
385 3335 483 3372 umore
502 3320 633 3387 victus,
652 3319 724 3373 talia
743 3327 773 3374 et
785 3320 920 3374 somniari
933 3320 1059 3389 oogitnr3
1078 3318 1191 3388 quando
1210 3318 1284 3371 enim
1298 3317 1401 3371 similia

154 3403 267 3473 (similis
280 3402 307 3456 A
320 3405 440 3458 similem
452 3403 488 3473 Ρ)
503 3405 617 3474 quidem
634 3405 737 3475 quibus
749 3406 779 3458 in
792 3422 891 3460 somno
905 3405 1014 3472 (omnia
1026 3405 1050 3458 P
1064 3404 1223 3473 somniari)
1237 3403 1339 3457 feeerit
1350 3409 1401 3457 ant

153 3491 292 3561 patiatur,
312 3491 389 3545 dieat
408 3495 459 3544 aut
478 3492 577 3546 audiat
595 3490 713 3559 (audeat
724 3490 749 3544 P
761 3492 869 3546 adiciat
882 3492 929 3560 A),
948 3491 1059 3546 videbit
1072 3491 1195 3558 (videbis
1208 3490 1231 3543 P
1245 3490 1348 3543 vidivit
1360 3489 1401 3555 A)

153 3593 309 3645 exsurgens
329 3577 428 3630 eadem
448 3594 515 3631 vere
535 3594 608 3646 quae
626 3578 765 3646 meminit,
783 3577 892 3632 salvam
905 3578 1029 3632 animam
1042 3587 1073 3632 et
1085 3594 1188 3646 corpus
1202 3575 1342 3642 ostendit3
1360 3575 1401 3628 in·

152 3661 272 3730 cognita
289 3679 358 3716 vero
377 3663 402 3715 si
419 3662 607 3718 somniaverit
625 3668 655 3717 et
673 3663 814 3718 terribilia
833 3668 862 3717 et
880 3680 947 3716 non
966 3664 1088 3730 solita,
1108 3668 1277 3732 aegrotante
1297 3669 1401 3715 natura

154 3749 337 3802 demonstrat
354 3747 409 3801 hoc
427 3748 605 3803 incalescens
623 3750 717 3804 anima
737 3749 924 3803 immunditiis
941 3755 994 3804 aut
1012 3750 1076 3804 oibo
1096 3748 1267 3803 conturbate
1288 3748 1401 3816 exiliat;

152 3831 252 3888 calefit
271 3834 345 3886 enim
364 3834 507 3888 dormiens
526 3835 622 3888 anima
640 3837 732 3906 magis
751 3853 835 3906 quam
848 3836 987 3906 vigilans3
1005 3843 1035 3890 et
1047 3835 1139 3890 morbi
1152 3837 1225 3889 enim
1239 3836 1357 3888 maxime
1371 3836 1401 3887 in

152 3936 254 3974 somno
278 3920 448 3989 praevalent
473 3938 558 3990 quam
584 3923 697 3990 quando
717 3941 871 3993 exsurgens
889 3923 984 3977 anima
1003 3923 1223 3992 infrigidaverit.
1259 3920 1402 3976 Somnia

152 4021 239 4059 vero
261 4006 457 4060 ostendunt
480 4006 616 4061 morbos
640 4009 829 4063 manifeste
855 4008 994 4078 quidem
1018 4025 1105 4079 quae
1129 4025 1251 4077 magns
1269 4014 1349 4061 sunt
1367 4013 1401 4061 et

154 4108 242 4162 quae
260 4090 385 4146 futura
402 4099 497 4159 sunt3
520 4094 737 4148 conturbata
755 4094 1010 4162 (ταρασσόμενα)
1030 4096 1120 4150 enim
1140 4100 1223 4148 sunt
1242 4109 1400 4161 corpora.

153 4177 320 4232 Ostendent
344 4185 439 4232 autem
464 4184 493 4233 et
511 4179 672 4233 minimas
691 4180 787 4235 febres
806 4187 835 4235 et
853 4179 967 4236 futurae
986 4187 1015 4235 et
1035 4187 1193 4251 quaesunt
1212 4191 1240 4233 et
1260 4195 1333 4248 qnae
1351 4179 1401 4232 im·

153 4267 304 4318 mutantur
324 4263 372 4318 vel
390 4265 497 4319 solutas
516 4269 545 4319 et
564 4265 742 4334 desinentem
767 4284 800 4321 ex
820 4266 922 4337 quibus
942 4268 1057 4337 quidem
1077 4272 1192 4336 oportet
1211 4264 1401 4333 contemplari

154 4350 322 4420 praesentia
340 4350 422 4418 signa
440 4352 477 4406 ad
496 4351 590 4406 crisim
609 4351 741 4406 facienda
760 4360 789 4408 et
808 4358 948 4423 quatenns
968 4355 1046 4409 diota
1065 4361 1141 4409 sunt.
