3120 4928
731 403 936 469 „58-

213 591 384 676 στῆθος·1)
411 589 430 675 ἡ
457 590 517 673 μὲν
543 589 577 653 ἐκ
603 597 662 656 τοῦ
685 591 796 667 δεξιοῦ
817 592 850 667 ές
871 591 908 655 τό
932 590 1113 675 άριστερόν,
1141 589 1160 674 ἦ
1185 590 1221 654 δέ
1242 590 1277 653 ἐκ
1299 595 1359 655 τοῦ
1381 589 1460 672 άρι·

213 696 327 778 στεροῦ
349 694 381 770 ές
404 696 440 760 τό
466 695 590 772 δεξιόν·
613 695 633 781 ῆ
656 696 716 777 μέν
738 685 859 781 [οῦν]ί)
875 694 909 758 έκ
923 698 983 758 τοῦ
998 688 1168 779 ἀριστεροῦ
1183 693 1242 757 διὰ
1255 701 1314 758 τοῦ
1330 694 1461 773 ἥπατος

212 797 243 872 ές
265 799 324 863 τόν
345 800 468 884 νεφρόν
489 801 543 862 καί
565 800 625 863 τόν
646 799 753 882 ὄρχιν,
775 798 795 881 ῆ
819 798 856 863 δὲ
877 798 912 860 ἐκ
933 805 992 862 τοῦ
1012 796 1122 873 δεξιοῦ
1137 797 1169 871 ές
1183 798 1243 862 τόν
1258 797 1389 882 σπλῆνα
1404 800 1460 862 καί

212 902 335 986 νεφρόν
367 905 421 964 καί
448 901 557 985 ὄρχιν·
590 901 722 984 ταότχσι
751 901 787 964 δὲ
813 902 849 966 τό
880 900 987 984 στόμα
1016 901 1185 985 αῑδοτονλ)
1235 900 1304 967 άπό
1334 903 1370 968 δὲ
1398 903 1461 967 τοῦ

214 1005 324 1081 δεξιοῦ
352 1008 470 1069 τιτδοῦ
498 1003 531 1078 ἐς
557 1003 594 1067 τὸ
621 999 789 1088 ἀριστερόν
817 1006 922 1086 ἰσχίον
948 1006 1002 1067 καί
1029 1004 1059 1077 ές
1085 1003 1121 1068 τό
1151 1003 1273 1080 σκέλος,
1302 1005 1356 1067 καί
1385 997 1457 1069 άπό

212 1109 272 1172 τοῦ
299 1107 468 1192 ἀριστεροῦ
495 1108 527 1182 ἐς
553 1107 593 1170 τὰ
620 1107 720 1183 δεξιά.
766 1107 785 1171 ό
810 1108 846 1171 δὲ
870 1103 1089 1192 όφδαλμὸςό
1116 1107 1223 1183 δεξιός
1244 1107 1278 1169 ἐκ
1300 1112 1360 1172 τοῦ
1382 1107 1458 1192 άρι-

213 1216 328 1294 οτεροῦ
353 1212 408 1274 καί
436 1211 455 1275 ό
479 1213 583 1296 ὄρχις,
611 1211 695 1275 κατὰ
715 1211 774 1275 τόν
795 1205 900 1275 αὐτόν
921 1211 1048 1295 τρόπον
1070 1211 1104 1274 έκ
1125 1212 1185 1276 τοῦ
1207 1210 1317 1288 δεξιοῦ
1338 1208 1359 1273 ό
1382 1208 1458 1294 άρι-

213 1315 332 1398 στερός.

300 1419 365 1482 Der
381 1419 513 1500 Ansang
528 1420 709 1500 entspricht
724 1420 879 1484 teilweise
896 1418 970 1482 dem
988 1419 1108 1483 dritten
1121 1418 1212 1482 Teile
1228 1418 1286 1482 des
1298 1418 1460 1502 Polybos:

299 1520 334 1584 αί
357 1521 394 1585 δέ
416 1524 520 1604 τρίται
543 1520 658 1607 φλέβες
680 1521 714 1584 ἐκ
736 1525 801 1586 τῶν
822 1522 996 1604 κροτάφων
1019 1520 1076 1584 διά
1090 1521 1149 1585 τοῦ
1163 1518 1300 1602 αὐχένος
1315 1518 1385 1584 όπό
1402 1520 1461 1594 τάς

213 1620 424 1708 ῶμοπλάτας,
454 1624 567 1688 ἔπειτα
594 1627 815 1708 συμφέρονται
842 1625 874 1699 ές
896 1624 956 1690 τόν
978 1624 1150 1706 πλεύμονα
1171 1626 1225 1686 καί
1247 1623 1462 1707 ἀφικνέονται

215 1729 233 1811 ῆ
261 1730 321 1812 μὲν
348 1726 416 1792 ἀπό
446 1732 510 1791 τῶν
541 1726 657 1804 δεξιῶν
678 1726 711 1802 ές
732 1727 773 1790 τό
795 1727 944 1811 άριστερόι
967 1726 1035 1791 ὑπό
1058 1727 1117 1793 τόν
1139 1726 1246 1808 μαζόν
1267 1727 1321 1790 καί
1343 1725 1377 1801 ές
1400 1727 1462 1792 τόν

213 1831 344 1916 σπλῆνα
369 1832 423 1894 καί
452 1830 482 1905 ἐς
508 1830 566 1893 τόν
593 1830 727 1916 νεφρόν,
757 1831 776 1916 ῆ
802 1832 838 1897 δέ
864 1833 933 1896 άπό
953 1832 1030 1896 -τῶν
1051 1829 1226 1914 άριστερῶν
1247 1829 1280 1905 ές
1301 1830 1344 1892 τά
1366 1829 1456 1908 δεξιέ

213 1934 248 1998 ἐκ
274 1942 334 1998 τοῦ
363 1933 548 2016 πλεύμονος
577 1933 643 1999 ῦπό
672 1936 732 1999 τόν
753 1935 861 2017 μαζόν
882 1935 914 2010 ές
936 1937 973 1997 τό
997 1925 1085 2020 ῆπαρ
1108 1933 1162 1995 καί
1184 1931 1216 2006 ές
1239 1936 1299 1998 τόν
1319 1934 1460 2017 νεφρόν·

214 2039 381 2104 τελευτῶσι
404 2037 441 2101 δὲ
463 2039 495 2112 ός
517 2038 577 2102 τόν
598 2036 701 2121 άρχόν
722 2028 819 2102 αόται
842 2033 1061 2123 άμφότεραιβ)

302 2141 373 2204 Von
402 2143 481 2205 zwei
503 2139 783 2221 Adernstrfingem
814 2141 866 2205 die
893 2161 970 2206 vom
993 2140 1082 2221 Kopf
1105 2140 1156 2206 bis
1179 2159 1219 2205 zu
1243 2140 1306 2204 den
1330 2139 1461 2204 Ffissen

214 2244 342 2322 ίῦίιτευ,
371 2244 457 2308 ohne
485 2245 545 2308 das
569 2243 653 2308 Herz
683 2263 723 2307 zu
746 2245 920 2321 berfihren‚
949 2243 1053 2308 hbren
1080 2244 1139 2308 wir
1169 2243 1253 2308 auch
1276 2243 1309 2307 in
1333 2265 1369 2305 π.
1394 2245 1462 2306 τῶν

214 2347 307 2421 ε’ντός
334 2350 468 2409 παθῶν.
514 2346 572 2410 Die
603 2348 675 2410 eine
704 2347 782 2427 liegt
811 2348 869 2411 auf
895 2347 953 2410 der
983 2346 1091 2410 linken
1115 2346 1324 2428 Ktsrperseite
1351 2346 1392 2427 (c.
1419 2347 1461 2411 19

214 2451 294 2535 ἄλλη
322 2436 443 2524 νοῦσος
465 2445 535 2515 άπό
554 2452 620 2531 Ιτῆς
642 2447 807 2533 άριστερῆς
830 2449 962 2535 φλεβός)
990 2450 1058 2514 und
1081 2450 1159 2530 geht
1182 2449 1287 2514 durch
1310 2448 1362 2512 die
1385 2448 1461 2512 Milz

172 2624 175 2631 ,
215 2553 357 2638 (σπλῆν).
415 2556 473 2620 Die
506 2555 619 2619 rechte
652 2553 734 2617 wird
764 2573 908 2633 genauer
935 2554 1148 2618 beschrieben
1176 2557 1216 2637 (c.
1245 2551 1310 2635 18):
1345 2549 1381 2613 ἐκ
1403 2557 1461 2633 τῆς

213 2658 399 2742 νεφρίτιδος
426 2658 640 2739 ἐπιλαμβάνει
667 2655 723 2739 ῆδε
748 2654 768 2736 ῆ
798 2663 912 2725 νοῦσος
935 2659 989 2717 καί
1010 2655 1077 2718 έστι
1098 2655 1220 2738 μεγάλη
1242 2662 1306 2719 τῶν
1328 2654 1461 2740 φλεβῶν

213 2767 278 2826 τῶν
300 2762 428 2838 κοίλων,
452 2767 490 2824 αϊ
509 2763 669 2825 τείνουσιν
690 2758 725 2821 ἐκ
746 2761 802 2839 τῆς
823 2757 964 2840 κεφαλῆς
987 2758 1079 2842 παρὰ
1101 2758 1158 2833 τὰς
1181 2757 1310 2842 σφαγὰς
1333 2757 1391 2820 διὰ
1405 2765 1460 2840 τῆς

215 2864 327 2950 ῥάχιος
361 2864 393 2939 ές
421 2866 459 2926 τό
488 2863 614 2947 σφυρόν
641 2863 677 2925 τό
706 2861 795 2936 ε’κτός
821 2868 881 2925 τοῦ
909 2861 1016 2935 ποδός
1044 2863 1098 2925 καὶ
1125 2862 1158 2937 ές
1183 2861 1220 2925 τό
1248 2861 1371 2942 μεταξό
1399 2863 1460 2925 τοῦ

214 2968 357 3050 μεγάλου
385 2970 442 3031 τοῦ
472 2967 642 3033 δακτύλου.
688 2967 840 3050 Polybos’
865 2971 966 3029 erstes
990 2967 1077 3031 Paar
1104 2965 1222 3045 gleicht
1248 2968 1311 3032 ihr:
1345 2966 1400 3028 καί
1422 2969 1459 3029 ἓν

214 3072 273 3154 μὲν
296 3070 404 3135 αδτῶν
426 3069 495 3134 άπό
519 3074 574 3155 τῆς
596 3070 737 3154 κεφαλῆς
759 3069 904 3133 ὄπισθεν
927 3069 983 3132 διό
998 3068 1057 3131 τοῦ
1071 3065 1209 3148 αδχένος
1225 3065 1350 3146 ἔξωθεν
1364 3069 1460 3150 παρόι

304 3299 322 3363 ¹)
341 3297 392 3348 ῦπό
411 3299 456 3347 τοῦ
475 3296 587 3359 οτῆῦους
605 3295 693 3364 Hipp.
711 3292 762 3344 ὑπὸ
781 3294 840 3352 τοὺς
856 3291 974 3361 μαστούς
992 3291 1080 3346 Arist.

300 3383 322 3453 ²)
341 3380 389 3434 οὖν
408 3383 481 3437 fehlt
499 3383 547 3436 boi
564 3382 653 3436 Arist.

299 3469 321 3538 ³)
340 3471 462 3522 ἐντεῦθεν
486 3471 516 3522 δὲ
538 3472 575 3529 εἰς
592 3470 619 3520 τὸ
638 3469 747 3520 αἰδοῖον
764 3465 854 3521 Arist.
890 3466 950 3520 Das
969 3466 1114 3535 Folgende
1133 3466 1184 3519 hat
1200 3463 1374 3520 Aristoteles
1387 3465 1458 3520 fort·

213 3559 353 3627 gelassen.

301 3645 325 3713 ⁴)
343 3644 403 3698 Der
425 3643 537 3698 Glaube
559 3660 596 3696 an
619 3642 665 3696 die
687 3641 843 3708 Kreuzung
865 3639 915 3692 der
938 3638 1037 3692 Adern
1059 3639 1110 3692 hat
1132 3638 1193 3693 sich
1216 3638 1301 3708 lange
1324 3637 1388 3692 Ζεὶί
1410 3656 1458 3709 ge-

213 3731 313 3786 halten
331 3731 390 3799 vgl.
408 3731 554 3799 Diogenes
572 3729 620 3782 bei
639 3729 759 3781 Aristot.
778 3725 792 3778 I
811 3723 840 3780 S.
859 3726 933 3778 512a
952 3725 998 3791 223
1016 3724 1110 3791 Plato,
1133 3724 1206 3778 Tim.
1225 3725 1257 3779 77
1276 3724 1317 3777 D:
1339 3726 1409 3792 μετὰ
1427 3725 1459 3778 δὲ

212 3821 294 3871 ταῦτα
312 3819 449 3886 σχίσαντες
467 3816 529 3884 περὶ
546 3818 592 3878 τὴν
611 3815 728 3881 κεφαλὴν
746 3813 793 3871 τός
810 3811 909 3877 φλέβας
927 3811 973 3862 καί
991 3811 1027 3862 δι’
1047 3811 1166 3874 άλλῆλιιν
1184 3812 1306 3869 ἐναντίας
1317 3811 1459 3870 πλέξαντες

213 3907 328 3966 διεῖσαν,
355 3905 402 3963 τός
425 3903 476 3972 μὲν
500 3904 528 3954 ἔκ
551 3904 603 3954 τῶν
624 3902 720 3960 δεξιῶν
742 3900 786 3951 ἐπὶ
808 3898 840 3949 τά
862 3898 987 3966 άριοτερά
1011 3900 1057 3948 τοῦ
1080 3897 1209 3965 σώματος,
1232 3898 1278 3955 τός
1301 3896 1331 3948 δὲ
1353 3898 1382 3948 ἐκ
1405 3900 1458 3950 τῶν

214 3994 359 4062 ἀριστερῶν
377 3992 420 4042 ἐπὶ
437 3991 469 4041 τά
489 3989 565 4048 δεξιά
582 3988 719 4045 κλίναντες
736 3985 794 4038 und
813 3984 931 4040 vorher:
954 3983 1000 4033 καὶ
1019 3986 1124 4052 πρῶτον
1141 3983 1192 4053 μὲν
1210 4020 1217 4035 .
1236 4022 1243 4035 .
1261 4025 1268 4038 .
1290 3981 1341 4033 δίο
1358 3983 1458 4050 φλέβας

212 4082 308 4148 ἔτεμον
332 4080 458 4135 νωτιαίας
481 4074 666 4144 διδύμους..
686 4113 692 4126 .
711 4113 718 4126 .
739 4070 836 4129 ταύτας
859 4070 889 4122 δέ
912 4072 1038 4133 καθῆκαν
1061 4071 1136 4138 παρά
1159 4070 1206 4132 τὴν
1226 4069 1321 4138 ράχιν;
1343 4069 1394 4124 das
1418 4071 1458 4124 ist

214 4166 265 4219 das
284 4169 359 4219 erate
377 4164 452 4217 Paar
471 4163 521 4218 δεε
539 4161 667 4230 Polybos
691 4157 803 4227 (ἔξωθεν
825 4157 901 4225 παρὰ
920 4158 966 4220 τῆν
984 4156 1087 4226 ῥάχιν),
1111 4156 1169 4210 und
1188 4156 1280 4210 dieses
1299 4155 1408 4225 gleieht
1426 4157 1457 4210 in

213 4255 321 4307 seinem
333 4250 469 4305 Verlaufe
489 4249 591 4304 wieder
609 4249 675 4302 dem
694 4249 732 4300 im
750 4245 872 4301 zweiten
891 4242 977 4298 δεῖτε
996 4246 1047 4299 des
1059 4243 1213 4314 Syennesis
1231 4242 1458 4297 beschriebenon

214 4337 251 4407 (ἐς
267 4338 299 4389 τά
317 4339 393 4406 λοχία
409 4338 561 4403 ἀφικνεῖται
579 4334 625 4384 καί
642 4336 668 4394 ές
685 4336 716 4386 τό
735 4332 847 4402 σκέλεα).
