3120 4928
659 435 701 446 -·
747 398 809 462 165
854 435 895 445 -

153 585 333 650 Harmonie
356 585 401 649 im
422 585 603 666 Gegensatz
626 587 778 664 aufwies;
802 587 873 651 eine
897 605 998 665 ganze
1020 588 1124 654 Reihe
1147 609 1212 654 von
1235 589 1399 670 Begriffen

153 689 223 754 und
246 689 463 753 Ausdrficken
489 689 532 752 ist
560 689 622 754 viel
645 688 775 771 jfinger.
821 687 952 753 Wieder
975 691 1045 755 also
1069 692 1127 756 der
1152 691 1309 774 »jfingere
1332 692 1398 756 He·

153 792 339 870 rakliteer‹‚
367 810 464 856 wenn
487 793 573 857 auch
596 794 681 857 noch
705 813 743 858 so
767 793 843 857 sehr
866 794 1009 872 gekfirzt‚
1033 796 1201 874 geandem
1226 795 1398 871 erweitert‚

153 895 320 976 verjl'ingt!
373 895 583 977 Vergleichen
622 897 681 960 wir
718 897 838 961 einmal
872 896 931 960 mit
964 919 1001 963 π.
1035 897 1169 979 κόσμου.
1225 898 1397 962 Dieselben

155 999 359 1079 Gegensmze
382 996 498 1062 stehen
520 999 590 1063 hier
613 1001 674 1065 wie
699 1001 789 1064 dort:

256 1124 292 1163 π.
316 1099 441 1182 κόσμου
466 1102 571 1184 (396a
594 1103 649 1185 33)
933 1103 1025 1167 Philo
1049 1103 1104 1185 (ΙΙΙ
1127 1103 1159 1167 S.
1183 1103 1225 1168 46
1238 1101 1277 1186 Ι.)

128 1268 132 1276 ,
197 1208 302 1268 καίτοι
335 1206 373 1282 γέ
402 1227 450 1279 τις
480 1203 650 1287 ἐθαύμασε
681 1210 751 1278 πῶς
846 1205 891 1288 τῷ
923 1204 984 1289 γὰρ
1021 1205 1092 1269 ὄντι
1130 1203 1237 1269 πάνθ’
1271 1207 1331 1268 ὅσα
1363 1204 1398 1270 έν

153 1311 247 1384 ποτέ,
270 1309 300 1371 εἰ
320 1306 354 1370 ἐκ
377 1307 442 1372 τῶν
464 1307 620 1372 ἐναντίων
643 1301 751 1389 ἄρχῶν
802 1306 913 1394 κόσμηι
938 1308 1057 1389 σχεδόν
1078 1306 1209 1372 ἐναντία
1231 1309 1314 1374 εἶναι
1334 1312 1397 1373 πέ-

153 1413 342 1494 συνέστηκεν
375 1409 393 1474 ὁ
427 1411 559 1493 κόσμος,
594 1411 676 1491 λέγω
706 1410 747 1496 δή
804 1434 920 1494 φυκεν·
936 1411 1071 1496 ἀρκτέον
1087 1411 1123 1474 δέ
1139 1410 1208 1475 άπὸ
1223 1395 1287 1476 τῶν
1302 1413 1396 1499 πρά-

154 1517 259 1599 ξηρῶν
281 1535 315 1576 τε
337 1513 391 1575 καὶ
413 1511 533 1599 ὑγρῶν,
557 1521 696 1600 ψυχρῶν
718 1538 751 1578 τε
802 1538 882 1579 των·
906 1514 1032 1599 θερμόν
1047 1515 1197 1580 ἐναντίον
1212 1517 1330 1602 ψυχρῷ
1344 1518 1397 1580 καὶ

95 1603 97 1607 ’
153 1618 208 1680 καὶ
232 1607 364 1701 θερμῶν
388 1661 395 1678 .
420 1661 428 1678 .
453 1663 460 1679 .
485 1663 493 1679 .
803 1620 901 1704 ξηρὸν
921 1618 1009 1703 άγρηΐ
1030 1619 1084 1681 καὶ
1106 1625 1234 1703 κοτ’·φον
1254 1623 1354 1702 βαρεῖ.

198 1720 309 1802 ‹3961›
336 1720 390 1804 τε)
424 1720 524 1804 ξων
556 1721 617 1806 ιιι
651 1721 749 1808 ου,

153 1822 283 1908 θερμόν
327 1822 364 1886 δὲ
408 1829 538 1911 ψυχρῷ,
583 1829 674 1906 βαρεῖ
714 1824 751 1888 δὲ

153 1933 311 2010 κοῦφον.

198 2029 308 2112 (3966
331 2030 364 2112 2)
392 2029 575 2117 πενήτων.
601 2081 607 2098 .
633 2082 640 2098 .
666 2081 672 2099 .
697 2033 751 2094 καὶ
802 2033 850 2116 (S.
866 2034 922 2117 47)
947 2036 1044 2097 πενία
1067 2032 1220 2107 πλοῦτος.

155 2132 333 2197 πλουσίων.

239 2240 321 2301 νέων
343 2237 527 2320 γερόντων.
758 2300 760 2306 A
946 2240 1064 2322 vedrae¹
1079 2246 1186 2323 γῆρας.

239 2338 391 2404 άσθενῶν
413 2340 562 2427 ἰσχυρῶν.
948 2336 1104 2407 ἄσθένεια
1127 2341 1225 2426 ῥώμη.

240 2447 393 2528 πονηρῶν
415 2446 569 2528 χρηστῶν.
803 2445 849 2526 (S.
865 2445 922 2528 46)
946 2443 1040 2530 ἄρετι)
1063 2448 1169 2514 κακία.

240 2548 336 2632 ἄρρεν
359 2547 460 2632 θῆλυ.
804 2547 851 2630 (S.
867 2548 924 2631 47)
948 2548 1054 2628 ἄγονα
1076 2547 1207 2630 γόνιμα.

198 2650 395 2737 (ζωγραφία)
418 2651 539 2716 λευκῶν
561 2650 717 2732 μελάνων.
804 2651 851 2733 (S.
867 2651 924 2735 46)
947 2650 1063 2714 λευκόν
1084 2651 1194 2733 μέλαν.
1494 2712 1496 2716 .

241 2747 324 2830 όξείς
347 2805 354 2819 .
379 2799 388 2816 .
411 2803 419 2831 .
442 2757 550 2838 βαρεῖς
573 2753 734 2839 φθόγγοι.
945 2754 1030 2830 όξείς
1053 2800 1086 2819 ..
1109 2762 1218 2841 βαρεῖς
1240 2753 1396 2839 φθόγγοι.

197 2856 426 2942 (γραμματική)
463 2861 657 2942 φωνηέντων
696 2859 751 2922 καὶ
947 2858 1116 2942 φωνήεντα
1161 2868 1302 2940 στοιχεῖα
1345 2858 1399 2920 καί

155 2955 298 3045 ἀφώνων
319 2960 527 3045 γραμμάτων.
990 2961 1120 3046 ἄφωνα.
1355 3024 1358 3028 ,

932 3063 1135 3150 γραμματική
1147 3103 1166 3113 -
1179 3063 1397 3151 άγραμματία.

933 3167 1069 3251 μουσική
1092 3206 1135 3217 -
1157 3166 1308 3249 άμουσία.

199 3272 302 3354 (397a
318 3271 351 3354 8)
373 3275 421 3346 τίς
436 3271 473 3335 δὲ
489 3321 496 3337 .
514 3321 546 3337 ..
569 3269 752 3336 δύναιτ’ἄν
847 3271 894 3345 (S.
916 3271 974 3354 46)
1007 3272 1062 3332 καὶ
1089 3269 1204 3345 σκότος
1231 3271 1316 3354 φωτὶ
1346 3271 1398 3332 καὶ

153 3374 351 3464 ἐξισωθῆναι
369 3378 409 3461 τῇ
424 3375 493 3437 κατ’
509 3375 651 3458 οᾶρανον
665 3373 752 3448 τάξει
804 3370 864 3447 νάξ
884 3370 988 3457 ἤμέρηι
1011 3417 1044 3434 ..
1067 3373 1121 3435 καὶ
1144 3372 1179 3437 ἐν
1199 3372 1328 3458 οὐρανῷ
1342 3372 1400 3454 μὲν

154 3503 189 3541 τε
215 3479 269 3540 καὶ
297 3484 387 3562 φορᾷ
415 3483 480 3542 τῶν
507 3477 633 3563 ἄστρων
656 3475 752 3561 ἡλίου
806 3473 997 3560 ῆάπλανης
1011 3475 1049 3562 τῇ
1064 3475 1296 3562 πεπλανημένη
1311 3482 1400 3560 φορᾷ

153 3583 264 3645 τεκαὶ
292 3579 427 3664 σελήνην
449 3629 457 3645 .
482 3630 490 3645 .
514 3631 521 3644 .
549 3584 596 3654 τίς
620 3579 656 3643 δὲ
679 3625 687 3642 .
711 3626 720 3641 .
744 3625 752 3642 .
805 3579 944 3664 ..θέρει
958 3577 1090 3661 χειμών,
1114 3577 1182 3664 ἔαρι
1197 3578 1398 3663 μετόπωρον.

155 3687 269 3769 ἥντινα
296 3682 495 3768 φυλάττουσι
518 3682 553 3746 αἱ
658 3674 751 3766 ῶραι,

155 3790 239 3873 θέρη
267 3810 302 3849 τε
329 3790 383 3850 καὶ
412 3787 570 3868 χειμῶνας
602 3785 751 3866 έπάγοιι-

156 3908 211 3954 σαι
226 3941 234 3957 .
252 3942 261 3957 .
278 3942 285 3958 .
305 3889 428 3976 ἡμέρας
443 3913 478 3952 τε
492 3891 546 3953 καὶ
560 3888 678 3964 νύκτας
694 3942 701 3957 .
719 3941 752 3957 ..

241 3994 300 4058 Die
323 3994 418 4058 Tafel
441 3995 500 4059 der
523 3994 725 4076 Gegensatze
748 3994 791 4058 ist
812 3993 866 4058 bei
882 3991 975 4057 Philo
991 3993 1054 4058 viel
1074 3991 1336 4074 umfangreicher
1350 3992 1399 4057 als

154 4098 189 4162 in
212 4097 287 4181 περὶ
309 4095 443 4178 κόσμου.
488 4097 659 4162 Nachdem
682 4097 741 4162 auf
760 4096 1044 4162 herakliteischem
1067 4096 1180 4161 Grund
1202 4095 1270 4160 und
1286 4095 1398 4161 Boden

155 4201 263 4265 dieser
287 4201 574 4284 unersehbpfliehe
601 4200 696 4280 Quell
720 4202 861 4267 eriiffnet
883 4219 963 4284 war,
986 4202 1028 4266 ist
1051 4201 1120 4265 sein
1144 4199 1280 4264 Wasser
1302 4199 1399 4263 fiber·

154 4303 256 4370 allhin
285 4304 463 4386 gessossen:
491 4308 525 4370 in
554 4305 629 4390 περὶ
661 4304 786 4388 διαίτης
814 4304 929 4388 direkt‚
958 4304 1043 4370 nach
1074 4325 1111 4368 π.
1140 4300 1266 4384 κόσμου
1299 4303 1400 4368 sehon
