3120 4928
657 447 892 510 -117-

153 631 439 716 διεκόσμησαν·
465 633 514 695 τά
539 633 611 715 μὲν
639 620 709 697 οὖν
731 634 944 720 ἄνθρωποι
968 632 1177 709 διέθεσαν,
1200 633 1398 698 υδδέποτε

151 738 249 799 κατά
281 737 324 799 τὸ
355 735 452 800 αὐτὸ
482 735 562 817 ἔχει
589 737 681 800 οὔτε
709 736 843 822 δρθῶς
872 738 960 802 οὔτε
992 739 1042 824 μη
1071 736 1218 822 δρθῶς·
1253 739 1325 802 ὅσα
1358 739 1398 804 δὲ

152 839 248 901 θεολ
277 838 487 913 διέθεσαν,
516 838 577 902 ἀεὶ
604 837 840 925 δρθώςάχει
868 841 932 903 καὶ
964 842 1009 904 τά
1042 840 1149 926 ὀρθά
1177 841 1239 903 καλ
1271 842 1317 903 τά
1350 841 1397 924 μὴ

153 941 269 1024 δρθά.
314 947 516 1006 τυσοῦτον
539 943 733 1029 διαφέρει.

239 1047 307 1115 XII,
342 1049 403 1131 ἐγὼ
427 1049 460 1111 δὲ
484 1050 615 1133 δηλώσω
639 1049 897 1135 τέχναςφανεράς
918 1050 1081 1136 ἀνθρώπου
1098 1049 1273 1134 παθήμασιν
1291 1049 1398 1133 ὁμοίας
1417 1061 1433 1111 5

153 1150 264 1220 ἐούσας
287 1137 337 1215 καί
359 1155 516 1236 φανεροίσι
538 1152 588 1215 καὶ
611 1152 747 1236 ἀφανέσι.

239 1243 407 1336 μαζντικη
443 1253 618 1317 τοιάνδε·
659 1263 766 1336 τοῖσι
803 1255 873 1335 μέν
910 1264 1119 1338 φανεροτσι
1162 1254 1208 1317 τά
1244 1253 1399 1337 ἀφανέα

152 1355 339 1435 γινώσκει
367 1357 432 1418 καλ
459 1355 586 1421 τοῖσιν
611 1347 794 1422 έοώσικά
822 1357 1017 1439 μέλλοντα
1044 1360 1110 1421 καλ
1138 1368 1268 1422 τοῖσιν
1294 1355 1397 1420 ἀπο-

153 1461 327 1523 θανοῦσι
355 1460 402 1522 τὰ
429 1459 553 1535 ζῶντα
580 1462 642 1523 καὶ
670 1466 719 1544 τῷ
745 1460 920 1545 ἀσυνέτῳ
944 1465 1123 1526 συνίασιν
1149 1460 1170 1525 δ
1193 1461 1264 1543 μὲν
1286 1459 1400 1534 ελδῶς

153 1560 212 1625 ἀεὶ
235 1562 363 1645 ὀρθῶς
386 1561 404 1627 ὁ
428 1563 538 1647 δὲμὴ
562 1562 674 1638 εἰδώς
696 1563 838 1628 ἄλλοτε
860 1565 993 1638 άλλως.
1201 1618 1202 1621 ,
1419 1576 1452 1623 10

241 1668 328 1753 φύσιν
352 1669 516 1754 ἀνθρώπου
543 1670 594 1732 καὶ
608 1669 687 1754 αβίον
713 1672 807 1732 ταῦτα
836 1675 985 1753 μιμεῖται·
1004 1671 1089 1754 ,ἀνὴρ
1119 1671 1236 1752 γυναικὶ
1264 1667 1400 1750 σογγενό·

156 1794 245 1856 μενος
274 1773 392 1834 παιδίον
422 1771 560 1856 ἐποίησε·
590 1778 634 1856 τῶ
664 1775 788 1858 ρανερῶ
814 1775 847 1836 τὸ
876 1772 989 1857 ἄδηλον
1017 1775 1156 1856 γινώσκει
1185 1771 1222 1855 [δ
1243 1793 1274 1832 τι
1301 1772 1401 1843 οὕτως

147 1873 269 1956 ,ἔσται].
314 1874 419 1957 γνώμη
448 1874 612 1958 ἀνθρώπου
641 1875 762 1958 ἀφανὴς
788 1876 980 1957 γινώσκουσα
1006 1875 1043 1938 τά
1069 1877 1193 1959 φανερά.
1239 1875 1273 1936 ἐκ
1295 1873 1402 1941 παιδὸς

153 1979 185 2047 ἐς
209 1976 303 2062 ἄνδρα
332 1977 521 2060 μεθίσταται·
555 1983 601 2061 τῷ
629 1975 708 2040 ἐόντι
729 1979 762 2040 τὸ
788 1977 898 2061 μέλλον
922 1981 1070 2060 γινώσκει.
1117 1977 1175 2062 οὐχ
1198 1977 1305 2061 ὅμοιον
1329 1979 1400 2039 ἀπο-

154 2081 256 2144 θανών
281 2081 401 2152 ζώοντι·
426 2087 471 2164 τῷ
493 2078 650 2164 τεθνηκότι
673 2080 754 2144 οἶδεν
777 2083 810 2144 τὸ
840 2086 932 2165 ζῴον.
979 2081 1120 2145 ἀσύνετον
1148 2082 1276 2165 γαστήρ·
1306 2078 1399 2162 ταώτη
1421 2089 1453 2139 15

156 2185 290 2267 συνίεμεν
315 2182 359 2246 ὅτι
382 2185 455 2267 διψῇ
476 2183 495 2266 ἢ
519 2190 618 2266 πεινῇ.
663 2184 756 2248 ταύτὰ
781 2186 905 2268 μαντικὴ
930 2184 1020 2270 τέχνη
1043 2187 1094 2248 καὶ
1120 2184 1229 2268 φύσιος
1252 2184 1401 2268 ἀνθρωπί·

154 2311 209 2372 νης
237 2287 404 2371 παθήματα
432 2290 511 2349 τοῖσι
548 2287 601 2371 μὲν
636 2289 835 2370 γινώσκουσιν
863 2289 909 2350 ἀεὶ
937 2288 1049 2372 ὀρθῶς,
1078 2292 1157 2351 τοῖσι
1184 2287 1218 2349 δὲ
1246 2289 1288 2370 μὴ
1317 2288 1401 2369 γινώ-

156 2414 280 2454 σκουσιν
305 2389 381 2474 [ἀεὶ]
406 2389 515 2454 ἄλλοτε
539 2389 651 2460 ἄλλως,

242 2492 325 2556 XIII.
364 2490 527 2575 σιδήρου
553 2490 715 2575 έργάται
745 2492 902 2576 [τέχνῃσι]
932 2490 1002 2554 τάν
1028 2491 1194 2574 σίδηρον
1217 2490 1314 2572 πυρὶ
1336 2489 1401 2573 τή-

155 2610 287 2675 κουσι,
314 2593 512 2675 πνεύματι
539 2591 830 2673 ἀναγκάζοντες
857 2593 899 2656 τό
927 2600 1017 2678 πῦρ·
1045 2593 1112 2675 τὴν
1142 2589 1403 2676 δπάρχυυσαν
1421 2607 1455 2655 νο

154 2695 306 2781 τροφόν
334 2695 613 2780 άφαιρέσνται,
644 2691 787 2780 ἀραιὸν
810 2697 851 2761 δὲ
879 2697 1119 2779 ποιήσαντες
1145 2699 1309 2759 παίουσι
1339 2696 1403 2756 καλ

156 2801 486 2866 συνελαύνουσιν·
515 2801 662 2874 ὕδατος
690 2800 732 2864 δὲ
759 2801 884 2865 ἄλλου
905 2807 1031 2886 τροφῇ
1053 2799 1215 2882 ἰσχυρόν
1241 2801 1403 2877 γίνεται.
1500 2819 1503 2826 ·

243 2907 336 2971 ταύτά
358 2909 469 2991 πάσχει
493 2905 657 2989 ἄνθρωπος
680 2907 738 2969 ὑπὸ
761 2908 971 2992 παιδοτρίβου·
995 2908 1050 2989 τὴν
1075 2907 1271 2991 ὑπάρχουσαν
1291 2905 1403 2989 τροφὴν

158 3014 221 3095 πῦρ
251 3012 431 3095 ἀφαιρεῖται,
463 3011 519 3074 ὑπὸ
549 3009 718 3093 πνεύματος
752 3009 1013 3094 ἀναγκαζόμενον·
1047 3008 1234 3094 ἀραιούμενα
1267 3007 1404 3071 κόπτεται

156 3115 286 3199 τρίβεται
312 3114 496 3198 καθαίρεται·
522 3113 638 3177 ὑδάτων
663 3115 697 3176 δὲ
720 3114 871 3197 ἐπαγωγῇ
894 3115 1024 3178 ἄλλοθεν
1052 3113 1177 3198 ἰσχυρὸς
1199 3113 1317 3194 γίνεται.
1422 3122 1455 3172 25

244 3215 326 3280 XIV.
350 3218 412 3278 καὶ
432 3215 469 3279 οἳ
487 3226 654 3298 γναφεῖς
669 3221 786 3279 τοῦτο
804 3215 1137 3300 διαπρήσσονται·
1160 3214 1401 3288 λακτίζουσι,

157 3317 367 3392 κόπτουσι,
383 3318 550 3382 ἕλκουσι·
566 3317 850 3400 λυμαινόμενοι
871 3319 1103 3402 ἰσχυρότερα
1119 3319 1316 3381 ποιέουσι·
1332 3319 1403 3378 κεί-

158 3444 292 3505 ροντες
311 3423 354 3485 τά
374 3420 618 3505 άπερέχοντα
637 3423 700 3484 καὶ
717 3422 1036 3505 παραπλέκοντες
1055 3421 1198 3484 καλλίω
1214 3422 1402 3482 ποιέουσι.

245 3681 269 3735 3.
288 3679 338 3732 ὅσα
356 3679 387 3732 δὲ
404 3679 461 3731 ὅσοι
479 3679 551 3733 διιθ.
569 3683 599 3734 θ.
629 3679 710 3732 ὁκόσα
729 3681 789 3732 θεοί
807 3679 879 3732 διιθ.
898 3679 935 3734 M.
966 3680 1004 3730 ὃκ.
1023 3680 1083 3730 θεοῖ
1101 3678 1132 3730 δὲ
1150 3680 1249 3730 ἔθεσαν
1260 3677 1294 3734 R.
1327 3678 1352 3732 4.
1371 3693 1404 3730 so
1452 3671 1455 3676 ’

157 3768 372 3838 interpungiert
390 3767 526 3836 Bywater
543 3766 656 3836 riehtig.
692 3768 717 3820 5.
737 3765 767 3819 δὲ
785 3785 838 3822 om.
858 3766 896 3821 M.
931 3767 956 3819 8.
974 3766 1021 3818 καὶ
1039 3782 1093 3820 om.
1112 3765 1150 3819 M.
1185 3766 1210 3818 9.
1229 3763 1363 3816 ἀσυνέτων
1375 3766 1404 3813 θ.

157 3855 211 3906 τῶν
232 3852 309 3909 ἀσυν.
332 3870 404 3908 corr.
426 3852 569 3922 Bywater.
607 3853 648 3907 15.
666 3854 721 3904 ἀπο
744 3853 865 3904 θανάτου
883 3853 921 3906 Μ.
960 3855 1000 3909 17,
1018 3852 1111 3903 πάθεα
1130 3851 1167 3905 Μ.
1204 3851 1245 3904 18.
1265 3850 1320 3904 del.
1338 3849 1404 3904 WiI.

161 3941 201 3994 19.
219 3939 331 4006 σιδήρου
348 3939 454 4007 ὄργανα
472 3937 541 3992 θΜ.
558 3955 630 3992 corr.
649 3938 726 4006 Wil.,
745 3939 796 3993 der
808 3943 915 4008 τέχνῃσι
927 3955 979 3993 aus
992 3939 1042 3992 der
1054 3938 1191 3992 variante
1209 3939 1328 4007 τεχνῖται
1345 3943 1405 3989 ent·

158 4026 281 4080 standon
299 4025 361 4080 sein
378 4024 458 4079 Μεει.
489 4024 525 4078 ef.
539 4041 562 4078 c.
575 4025 616 4078 20.
648 4025 840 4094 σιδηρουργολ2
860 4054 890 4064 -
904 4025 1070 4095 περιτὴκοισι
1087 4024 1151 4078 θΜ.
1170 4041 1241 4079 corr.
1261 4023 1405 4092 Bywater.

157 4112 200 4167 21.
223 4111 394 4180 ἀφαιρέοντις
412 4109 451 4164 M.
488 4110 531 4164 24.
554 4110 619 4179 πυρὶ
641 4110 708 4163 θΜ.
727 4109 829 4173 οδσεὴ
851 4147 960 4161 .....
979 4112 1045 4178 πυρὶ
1064 4146 1173 4161 .....
1192 4107 1405 4176 ἀναγκαζομένῳ

158 4196 396 4266 (ἀναγκαζομένου
413 4200 442 4247 θ.
527 4214 573 4254 νος
590 4195 639 4265 Μ.)
653 4225 687 4234 -
699 4196 878 4265 ἀραιούμενος
897 4197 927 4248 δὲ
945 4196 983 4250 Μ.
1012 4197 1055 4251 25.
1074 4195 1206 4266 δπαγωγῇ
1219 4195 1256 4248 Μ.
1287 4194 1329 4248 26.
1348 4193 1404 4262 vgl.

158 4284 206 4338 fiir
230 4283 284 4337 das
308 4281 449 4338 Gesehifft
473 4283 524 4337 der
542 4282 674 4337 Walker:
702 4283 882 4337 Baumeister
907 4282 1083 4336 Denkmfiler
1104 4280 1133 4335 S.
1156 4281 1233 4335 2084.
1272 4279 1406 4334 28.Wi1.

157 4368 251 4424 ἀοιδοί
269 4384 307 4422 an
325 4368 531 4438 παραπίκονιες.
