3120 4928
668 359 904 423 -211-

204 752 258 812 καί
292 750 350 834 τήν
378 755 438 835 νήν
471 750 551 836 ὁρῆν
583 753 669 837 λείην
702 754 755 815 καί

160 854 266 928 καλῶς
288 855 509 939 εἰργασμένην,

203 960 258 1019 καὶ
284 957 325 1019 τὰ
352 957 488 1043 δένδρεα
514 960 680 1024 θαλίοντα
702 960 756 1022 καὶ

159 1059 362 1145 πολύκαρπα
383 1062 436 1123 καί
460 1063 573 1148 ήμερα,

204 1473 258 1535 καί
295 1473 464 1555 ποταμοὺς
506 1474 638 1558 ῥέοντας
674 1473 758 1538 κατδι

158 1574 285 1656 τρόπον
313 1577 366 1637 καί
394 1579 488 1642 δδατι
515 1582 654 1663 καθαρῷ
678 1578 755 1663 μήτε

161 1678 275 1742 πλέονι
289 1677 367 1761 μήτε
386 1678 536 1745 ἐλάσσονι
550 1682 610 1746 τοῦ
625 1682 754 1768 προσή-

158 1803 283 1857 κοντος,

201 1885 254 1946 καί
277 1884 336 1960 τὰς
358 1886 475 1970 κρήνας
497 1889 551 1951 καὶ
570 1891 613 1952 τά
631 1892 756 1972 φρέατα

156 1985 317 2062 οδσαότοις.
373 1990 475 2054 ταῦτα
512 1989 622 2056 πάντα
655 1994 756 2066 οὕτως

157 2089 308 2174 δρώμενα
331 2097 476 2176 σημαίνει
498 2093 608 2180 δγείην
626 2103 670 2180 τῷ
692 2096 753 2159 άν-

157 2197 288 2282 θραίπῳ
312 2242 320 2258 .
344 2242 352 2259 .
377 2245 384 2262 .
409 2246 417 2262 .

202 2404 279 2478 656,
303 2405 323 2468 2
349 2403 505 2468 θάλασσα
528 2405 565 2469 δὲ
590 2421 753 2490 ταρασσο-

159 2509 239 2590 μίνη
261 2507 381 2591 κοιλίης
405 2511 561 2592 σημαίνοι.

204 2711 280 2786 656,
305 2713 325 2776 3
347 2718 387 2796 γή
409 2716 573 2798 κινουμένη
594 2729 753 2799 ....ση-

158 2818 268 2895 μαίνει
303 2820 508 2901 μεταιτίνησιν
545 2823 605 2881 τοῦ
642 2816 753 2903 ὑπάρ-

160 2940 286 2998 χυντος.

76 3102 81 3114 .
392 3025 469 3099 656,
493 3025 521 3089 8,

205 3125 281 3201 658,
300 3128 317 3190 1
337 3125 366 3188 τί
381 3125 417 3189 δὲ
432 3126 597 3215 κολυμβήν
611 3127 646 3193 ἐν
659 3128 755 3214 λίμνη

158 3229 179 3311 ἢ
204 3227 240 3291 ἐν
274 3227 424 3315 θαλάσση
457 3234 477 3314 ἢ
508 3230 544 3295 ἐν
576 3242 754 3313 ποταμοῖσι

160 3330 284 3418 δοκοίη,
309 3331 368 3397 οδιι
390 3332 532 3412 ἀγαθόν.

204 3644 278 3724 658,
302 3645 322 3709 2
345 3645 395 3706 ὅτι
417 3643 448 3706 δ’
470 3645 512 3707 όν
533 3667 579 3717 τις
599 3644 674 3726 περὶ
688 3634 752 3705 αδ-

157 3751 218 3812 τυῦ
246 3745 318 3834 δρίη
344 3748 427 3809 κατὰ
459 3749 587 3831 τρόπον
619 3745 753 3827 γινόμε-

157 3872 217 3916 νυν
241 3900 377 3917 .....
397 3849 530 3929 δγαθὸν
545 3849 629 3932 πρὸς
644 3847 754 3932 δγιίην

155 3953 238 4017 ἐστί·
262 3955 315 4016 καί
337 3952 462 4036 ἕσθήτα
483 3954 598 4034 λευκήν
616 3950 754 4016 ίνδτδό-

158 4059 240 4120 σθαι
257 4057 311 4118 καί
325 4054 487 4120 δπόδεσιν
498 4056 556 4137 τήν
570 4054 754 4138 καλλίστην,

154 4158 292 4241 όγαθόν
320 4209 477 4226 .....
506 4158 546 4221 τά
575 4159 608 4222 δδ
631 4157 755 4240 μέλανα

854 548 925 627 185,
944 551 984 613 15
1003 553 1183 635 φοβεῖσθαι
1198 549 1309 615 υδδενί
1324 544 1405 630 άγα-

808 653 914 834 30631.
932 697 1011 832 145,
1037 755 1071 831 1;
1097 755 1168 834 159,
1192 755 1233 820 23
1245 757 1279 820 ff.

855 957 926 1037 120,
949 960 969 1023 9
1075 960 1116 1022 τόι
1138 959 1198 1040 μὲν
1219 959 1353 1038 α’γαθόν
1374 984 1406 1024 τι

808 1065 1007 1145 σημαίνοντα
1027 1061 1148 1142 δένδρα
1166 1063 1335 1128 θάλλοντα
1351 1067 1405 1126 καί

807 1171 1084 1247 καρποφοροῦντα
1117 1167 1179 1246 vgl.
1212 1167 1285 1246 236,
1313 1169 1333 1232 6
1363 1166 1407 1235 τὰ

806 1267 867 1348 μὲν
911 1256 972 1332 οὖν
1016 1268 1117 1352 ήμερα
1162 1268 1227 1353 ζῷα
1271 1270 1405 1349 άγαθὸν

807 1373 892 1453 ἔχειν
915 1422 922 1436 .
947 1421 954 1436 .

852 1475 926 1549 122,
950 1477 970 1540 6
998 1477 1144 1556 ποταμοί
1168 1475 1322 1558 καθαρόν
1350 1480 1405 1541 καί

808 1579 925 1652 διειδὲς
953 1576 1078 1659 ἔχοντες
1104 1576 1192 1661 ὕδωρ
1221 1581 1275 1641 καί
1303 1579 1404 1664 ήρέμα

808 1681 932 1765 ῥέοντες
953 1675 1079 1760 άγαθοί
1104 1732 1111 1746 .
1136 1732 1143 1745 .
1168 1733 1176 1747 .

853 1890 925 1967 124,
942 1890 959 1953 7
977 1887 1081 1971 πηγαὶ
1102 1887 1138 1950 δδ
1152 1889 1206 1950 καί
1220 1891 1335 1972 κρῆναι
1349 1890 1404 1952 καὶ

808 1993 945 2066 πίδακος
968 1990 1065 2055 ὕδατι
1084 1991 1222 2074 καθαρῷ
1245 1991 1403 2075 πλημμυ-

807 2096 922 2178 ροῦσαι
944 2088 1072 2174 άγαθαὶ
1088 2100 1190 2157 πᾶσιν
1205 2094 1263 2176 μὲν
1279 2094 1402 2178 ἐπίσης,

806 2197 948 2280 μάλιστα
972 2197 1008 2260 δὲ
1030 2208 1098 2272 τοϊς
1114 2205 1246 2262 νοσοῦσι
1268 2200 1403 2272 καὶτοῖς

806 2299 956 2383 α’πόρυις.
1002 2301 1064 2381 vgl.
1090 2301 1161 2379 123,
1181 2302 1266 2367 1111.

850 2405 923 2482 117,
948 2405 986 2468 11
1010 2402 1060 2465 άεί
1089 2403 1125 2466 δὲ
1147 2402 1280 2482 ἀγαθὸν
1303 2398 1403 2489 ήρέμα

806 2507 1046 2591 πορφύρουσαν
1089 2509 1144 2568 καί
1182 2510 1403 2588 κυμαίνοοσαν

806 2610 864 2694 τήν
885 2608 1061 2671 θάλασσαν
1083 2608 1175 2672 ἰδεῖν.

851 2715 924 2792 146,
940 2712 985 2777 24
999 2716 1039 2795 γή
1053 2714 1222 2795 κινουμένη
1237 2712 1279 2775 τά
1290 2712 1400 2795 πράγ-

806 2840 893 2898 ματα
920 2817 974 2878 καὶ
1001 2816 1060 2881 τόν
1081 2818 1154 2896 βίον
1185 2815 1245 2879 τοῦ
1273 2815 1403 2889 ἰδόντος

806 2918 1045 3003 κινηθήσεσθαι
1068 2921 1224 3002 σημαίνει.

1042 3025 1095 3104 92,
1117 3023 1169 3087 21.

852 3127 924 3204 122,
936 3127 978 3191 26
995 3125 1152 3208 νήχεσθαι
1169 3124 1205 3187 δὲ
1217 3123 1251 3188 ἓν
1264 3130 1403 3208 ποταμῷ

808 3228 916 3292 δοκεῖν
931 3232 950 3312 ἢ
965 3230 1059 3313 λίμνη
1080 3229 1123 3300 τίς
1138 3225 1275 3307 ἔσχατον
1289 3227 1403 3290 ἐλάσαι

805 3332 959 3396 κίνδυνον
987 3333 1133 3415 σημαίνει
1160 3375 1168 3391 .
1192 3374 1200 3390 .
1224 3374 1232 3391 .
1257 3378 1264 3393 .
1293 3322 1342 3390 dez
1366 3329 1403 3392 δὲ

806 3433 940 3514 ἄμεινον
973 3432 1197 3517 διανήξασθαι
1230 3433 1249 3514 ή
1280 3432 1402 3513 μεταξὺ

806 3536 1016 3618 κολυμβῶντα
1029 3537 1275 3617 διοπνιυθήναι,
1300 3536 1352 3614 59,
1370 3537 1400 3600 6.

849 3643 901 3720 85,
925 3644 966 3707 25
989 3640 1088 3722 ἐσθής
1103 3639 1121 3722 ή
1138 3637 1284 3720 συνήθης
1300 3643 1402 3700 πᾶσιν

805 3743 919 3827 α’γαθή
943 3792 951 3808 .
976 3792 984 3808 .
1007 3743 1059 3821 86,
1082 3744 1102 3807 6
1125 3740 1222 3804 λευκὰ
1238 3739 1274 3802 δὲ
1289 3737 1402 3821 ίμάτια

805 3856 874 3918 τοῖς
885 3839 988 3927 ήθάσι
997 3846 1109 3925 μόνοις
1121 3846 1274 3927 συμφέρει
1284 3843 1401 3924 (224,6

808 3948 891 4011 οὕτω
920 3949 961 4011 τὰ
989 3947 1087 4010 λευκὰ
1109 3951 1166 4031 (sc.
1190 3945 1313 4027 ἱμάτια)
1336 3946 1401 4009 τῶν

806 4050 954 4133 μελάνων
982 4049 1113 4133 δμείνω)
1142 4093 1310 4112 ......
1335 4047 1399 4110 ἔστι

808 4156 844 4219 δδ
872 4157 924 4217 καὶ
951 4153 1057 4226 άλλως
1085 4152 1103 4237 ή
1131 4151 1267 4234 μέλαινα
1300 4151 1400 4234 ἐσθής

808 4259 887 4323 πᾶσι
911 4257 1039 4340 πονηρά
1063 4305 1069 4318 .
1095 4306 1102 4321 .
1127 4306 1134 4321 .

1141 4385 1190 4438 14*
