3120 4928
661 465 899 531 —168-

152 651 281 715 λοιπῶν
314 653 374 732 frg.
402 652 445 717 22
478 653 528 717 ed.
552 652 730 739 Waehtler)
764 656 834 720 und
867 655 952 720 nach
985 656 1053 721 ihm
1081 656 1305 739 Empedokles
1339 661 1406 724 und

153 755 236 819 viele
264 754 382 820 Aerzie
415 757 549 821 werden
578 776 615 822 so
646 760 798 838 geurteih
825 758 945 826 haben.
997 759 1055 824 Ais
1084 760 1165 825 aher
1191 761 1407 843 Protagoras,

153 858 222 922 und
245 857 312 922 ihrn
336 858 468 940 folgend
491 864 604 942 spdter
626 861 678 925 die
694 861 870 943 Sophisten
893 862 961 927 und
976 862 1146 928 Demokrit
1166 863 1406 946 behaupteten,

19 1011 23 1019 .
154 962 230 1026 dass
266 962 318 1025 die
348 961 597 1043 Eigenschaiten
632 963 691 1027 der
720 964 823 1045 Dinge
856 985 922 1030 von
957 966 1017 1030 der
1050 967 1261 1048 suhjektiven
1284 967 1405 1033 Wahr·

154 1065 323 1145 nehmung
355 1065 519 1145 abhingen
553 1067 628 1148 (vgi.
663 1067 828 1149 Theophr.
864 1069 906 1133 de
941 1088 1041 1134 sensu
1075 1071 1117 1135 63
1132 1072 1166 1137 ff.
1192 1100 1239 1126 =
1265 1071 1405 1136 Zelleri

154 1168 189 1235 S.
216 1169 282 1234 864
316 1170 394 1248 (von
424 1169 604 1251 Demokrii)
638 1180 769 1253 σημεῖον
800 1170 847 1252 δέ,
881 1171 925 1246 ὥς
958 1170 1017 1235 ούκ
1049 1173 1110 1236 ridi
1144 1173 1252 1258 φύσει,
1291 1173 1330 1237 τὸ
1362 1175 1403 1257 μή

16 1321 17 1325 ,
153 1272 257 1335 ταύτὰ
283 1276 365 1334 πᾶσι
392 1274 572 1355 φαίνεσθαι
599 1283 665 1347 τοϊς
691 1273 795 1357 ζῴοις,
822 1273 897 1337 ἀλλ’
919 1278 937 1338 ὃ
959 1274 1036 1360 ἡμῖν
1057 1275 1156 1354 γλυκύ
1180 1275 1271 1340 τοῦτ’
1293 1276 1406 1350 ἄλλοις

154 1377 284 1459 πικρύν,
318 1376 371 1438 καὶ
399 1374 516 1460 ἑτέροις
545 1375 603 1451 δξύ
630 1376 741 1451 ἄλλοις
771 1377 877 1461 δριμύ,
904 1389 973 1453 τοῖς
1001 1378 1037 1442 δὲ
1065 1379 1248 1464 στρυφνόν·
1283 1382 1340 1442 καὶ
1366 1381 1407 1443 τὰ

154 1479 237 1542 ἄλλοι
271 1478 308 1542 δὲ
341 1478 509 1557 ιύσαύτως,·
543 1499 570 1544 e.
595 1481 635 1544 67
670 1483 691 1544 δ
719 1479 750 1543 δ’
778 1484 821 1545 δν
853 1479 909 1568 ἐνῇ
935 1481 1101 1558 πλεῖστον,
1134 1490 1234 1548 τοῦτο
1263 1483 1405 1564 μάλιστα

153 1581 312 1664 ἐνισχύειν
337 1581 423 1667 πρός
448 1606 483 1645 τε
504 1581 562 1667 τὴν
583 1585 739 1667 αἴσθησιν
762 1585 815 1647 κοιλ
837 1583 896 1667 τὴν
918 1584 1084 1671 δύναμιν),
1113 1587 1161 1652 als
1184 1588 1405 1667 Anaxagoras

153 1686 378 1768 verkrindigte,
413 1687 488 1752 dass
523 1687 555 1750 in
589 1687 685 1751 aliem
716 1687 795 1752 alles
830 1690 876 1752 sei
910 1689 985 1772 (vgi
1015 1692 1150 1755 Arisioi.
1184 1691 1287 1774 Phys.
1317 1693 1339 1771 I,
1372 1692 1402 1755 4,

155 1791 258 1856 Zeller
280 1792 303 1868 Ι,
331 1789 363 1855 S.
388 1789 450 1855 987
479 1789 652 1873 εἰλικρινῶς
678 1790 738 1871 μὲν
765 1790 825 1872 γὰρ
855 1789 933 1854 ύλον
960 1791 1077 1854 λευκόν
1098 1794 1117 1875 ἢ
1138 1791 1241 1872 μέλαν
1264 1795 1285 1876 ἢ
1305 1793 1405 1871 γλυκύ

153 1893 173 1976 ἧ
196 1892 299 1976 σάρκα
321 1895 341 1976 ἢ
362 1889 482 1955 σ’στοῦν
504 1890 565 1954 ούκ
586 1891 679 1968 εἶναι,
703 1893 781 1955 ύτου
811 1891 848 1954 δὲ
871 1892 1024 1956 πλεῖστον
1044 1895 1180 1957 ἕκαστον
1202 1892 1283 1975 ἔχει,
1307 1902 1403 1960 τοῦτο
1444 1895 1449 1901 ’

155 1995 265 2059 δοκεῖν
291 1996 353 2082 τήν
380 1994 482 2078 φύσιν
508 1993 568 2058 τοῦ
593 1994 811 2079 πράγματος),
842 1997 889 2060 ais
918 1998 970 2060 die
1001 1997 1186 2080 praktische
1216 1999 1404 2082 Erfahrung

155 2106 287 2181 grdsser
315 2100 490 2180 geworden
513 2119 591 2177 war,
621 2100 768 2164 konnten
797 2101 865 2165 sich
892 2102 976 2166 auch
1002 2102 1055 2166 die
1077 2103 1197 2166 Aerzte
1220 2123 1329 2183 gegen
1352 2104 1403 2169 die

155 2204 261 2268 Lehre
284 2223 349 2268 von
373 2203 431 2266 der
452 2202 684 2284 Vielseitigkeit
708 2204 766 2268 der
782 2204 886 2285 Dinge
909 2205 999 2269 nieht
1014 2205 1203 2270 ablehnend
1218 2208 1402 2274 verhalten.

155 2308 262 2372 Unser
283 2308 390 2371 Autor
414 2307 548 2371 verfichi
571 2308 618 2371 sie
642 2327 745 2389 gegen
769 2309 821 2372 die
844 2308 946 2373 nitere
969 2309 1208 2390 Anschauung:
1242 2312 1319 2374 ὅσοι
1345 2313 1404 2394 μέν

154 2409 238 2474 κατὰ
264 2409 389 2484 παντὸς
418 2407 629 2494 ἐπεχείρησαν
655 2409 760 2473 εἰπεῖν
787 2412 862 2494 περὶ
889 2417 954 2475 τιῖν
986 2411 1127 2491 γλυκέων
1153 2413 1172 2496 ἢ
1200 2411 1353 2498 λιπαρῶν
1383 2419 1403 2498 ἢ

154 2515 283 2579 ἁλυκῶν
305 2514 324 2598 ἢ
346 2514 421 2597 περὶ
444 2511 544 2576 ἄλλου
567 2513 655 2587 τινος
677 2512 921 2578 τῶντοιούτων
942 2519 997 2598 τῆς
1018 2514 1187 2598 δυνάμιος,
1211 2515 1274 2580 ούκ
1289 2516 1403 2601 σ’ρθῶς

155 2619 384 2700 γινώσκουσιν·
412 2616 451 2681 σύ
479 2617 540 2700 γὰρ
567 2619 625 2698 τὴν
651 2615 752 2701 αὐτὴν
780 2617 920 2700 δύναμιν
947 2620 1076 2700 ἔχουσιν
1102 2620 1177 2683 οὔτε
1210 2620 1253 2684 τὰ
1287 2622 1402 2700 γλυκέα

155 2722 342 2807 ἀλλήλοισιν
386 2720 461 2786 οὔτε
505 2720 547 2784 τὰ
589 2720 715 2802 λιπαρὰ
760 2722 838 2786 οὔτε
881 2725 946 2786 τῶν
985 2722 1093 2787 ἄλλων
1135 2729 1201 2787 τιύν
1245 2726 1404 2792 τοιούτων

155 2827 253 2892 οὐδὲν
277 2874 640 2892 ............
668 2822 820 2899 ὦσαύτως
847 2825 884 2888 δὲ
911 2831 976 2889 τῶν
1002 2830 1227 2911 θερμαντικῶν
1258 2831 1313 2892 καὶ
1341 2833 1404 2893 τῶν

155 2930 264 2994 ἄλλων
292 2928 460 3009 ἁπάντων,
487 2927 588 3010 ἄλλην
618 2927 702 2991 ἄλλα
731 2928 872 3010 δύναμιν
900 2928 973 3011 ἔχει.
1026 2931 1069 2995 Er
1098 2933 1203 3012 weiSS,
1235 2933 1317 2998 dass
1346 2935 1403 2998 das

156 3037 257 3100 Sdsse
280 3055 306 3098 z.
330 3033 366 3097 B.
390 3033 468 3098 hald
498 3032 648 3110 abhihre‚
675 3033 753 3096 bald
776 3034 892 3116 stopie,
915 3033 994 3098 bald
1017 3035 1161 3110 troeken
1191 3035 1270 3099 bald
1294 3036 1401 3101 feucht

156 3139 256 3204 wirke
290 3135 413 3222 (πολλὰ
446 3133 507 3221 γὰρ
541 3139 605 3199 τῶν
639 3135 780 3214 γλυκέων
814 3135 977 3220 διαχύρει,
1005 3135 1047 3199 τὰ
1080 3135 1117 3198 δὲ
1147 3141 1265 3220 ἵστησι,
1300 3137 1342 3201 τὰ
1369 3137 1403 3200 δὲ

155 3245 309 3327 ξηραίνει,
339 3239 380 3303 τὰ
407 3239 443 3303 δὲ
470 3237 637 3325 ύγροιίνει),
668 3240 745 3303 dass
777 3239 917 3304 anderes
951 3240 1073 3304 wieder
1107 3243 1402 3320 zusammenziehe

155 3347 308 3424 ahidhre‚
332 3345 411 3409 Urin
434 3345 548 3423 ireibe‚
569 3343 602 3426 je
618 3344 703 3408 nach
722 3343 797 3406 dem
820 3340 900 3425 (ἔστι
923 3342 960 3406 δὲ
983 3343 1046 3406 ὅσα
1068 3343 1183 3426 στύφει
1205 3345 1262 3407 καὶ
1279 3345 1401 3426 διαχω-

156 3461 257 3536 ρεϊται
280 3450 334 3511 καὶ
357 3446 511 3531 ούρεῖται,
534 3445 576 3510 τὰ
599 3446 635 3510 δὲ
658 3445 812 3528 οὐδέτεροι
834 3445 982 3529 τούτων).
1027 3447 1170 3512 Deshalb
1194 3453 1334 3515 miissen
1354 3451 1404 3514 die

156 3553 393 3620 Lehensmiiiel
422 3551 546 3617 einzeln
572 3553 631 3616 auf
657 3553 726 3616 ihre
761 3551 920 3632 Wirkung
954 3552 1012 3616 hin
1046 3552 1244 3617 uniersucht
1272 3554 1402 3619 werden

157 3656 255 3740 (καθ’
277 3661 394 3720 ἕκαστα
417 3656 453 3720 δὲ
475 3657 587 3738 ἥντινα
603 3654 741 3735 δύναμιν
757 3653 820 3735 ἔχει
836 3654 983 3737 διδάξω).
1018 3655 1131 3720 Dieser
1145 3655 1404 3738 Untersuchung

156 3763 230 3828 sind
253 3762 306 3827 die
329 3761 458 3842 Kapitel
481 3760 610 3825 40-56
627 3760 810 3841 gewidmei.
845 3759 936 3823 Nach
953 3760 1046 3823 ihren
1062 3760 1272 3825 natfirlichen
1288 3762 1404 3843 Eigen·

156 3865 306 3931 schaiien
334 3863 430 3948 (κατὰ
456 3862 569 3947 φύσιν)
598 3865 666 3927 und
693 3863 781 3927 ihrer
811 3863 914 3926 durch
942 3862 1160 3926 menschliche
1191 3862 1302 3929 Kunst
1338 3864 1405 3949 (διὰ

156 3972 281 4053 τέχνης)
316 3969 347 4032 d.
375 3969 407 4034 h.
437 3968 540 4033 durch
569 3967 711 4045 Baehen,
743 3966 875 4044 Braien
909 3966 1045 4043 Rdsten
1078 3965 1214 4030 Kochen
1242 3987 1276 4032 u.
1307 3988 1334 4034 s,
1364 3989 1403 4033 w.

156 4073 374 4138 verdnderten
402 4071 664 4136 Besehaffenheii
693 4072 826 4136 werden
854 4070 907 4135 die
934 4069 1222 4134 verschiedensten
1260 4073 1404 4138 Lebens·

155 4177 261 4242 mitiel
283 4176 532 4258 besprochen.¹)
570 4175 612 4239 Es
636 4175 718 4239 wird
741 4175 857 4239 immer
879 4174 1000 4239 darauf
1019 4173 1180 4255 genehtei,
1204 4175 1250 4240 ob
1275 4177 1324 4242 sie
1339 4177 1406 4243 kalt

244 4402 263 4472 ¹)
282 4404 339 4473 vgl.
358 4402 387 4458 S.
406 4402 466 4472 536,
485 4404 502 4457 4
522 4402 618 4472 κριθαὶ
640 4401 768 4468 φύσει..
789 4442 794 4454 .
815 4441 821 4454 .
841 4440 847 4453 .
867 4440 873 4453 .
893 4443 898 4453 .
918 4402 943 4451 ελ
964 4399 994 4453 δὲ
1017 4402 1110 4458 πείσας
1128 4436 1134 4450 .
1154 4437 1160 4450 .
1180 4437 1187 4452 .
1207 4438 1213 4451 .
1234 4438 1241 4452 .
1260 4403 1360 4456 ὁκόταν
1376 4401 1405 4454 δὲ
