3120 4928
649 403 700 413 --
739 366 806 430 w113
846 405 893 414 --

152 555 313 620 λονται.’.
361 553 610 645 Φμιτώντων
638 551 682 616 δέ
724 552 884 618 ἐκείνων
926 543 1002 617 τόδε
1044 553 1398 626 τώνδέ’“·τ”ἲέκιείσέ

154 643 410 743 συμμαχομένων
429 648 510 742 πρὸς
533 657 660 740 ἄλληλα,
687 655 758 740 την
779 659 1042 741 πεπρωμένην
1064 658 1398 742 μοίρανῑέκαστ-ὀν

153 759 344 845 ἐκπληροῖ
363 762 412 825 καὶ
434 761 483 824 ἐπὶ
503 762 536 824 τὸ
563 756 654 844 μέζον
678 762 727 852 ιιαὶ
750 761 798 824 ἐπὶ
820 763 853 824 τὸ
880 765 986 844 μεῖον.
1019 759 1199 845 Φδορὴδὲ
1221 763 1322 831 πᾶσιν
1337 761 1398 826 ἀπ’

152 860 310 948 ἀλλήλων,
333 864 378 946 τῷ
397 863 508 944 μέζονι
530 861 601 925 άπὸ
623 861 683 925 τοῦ
697 864 827 944 μείονος
841 864 896 925 καὶ
910 865 955 947 τῷ
969 866 1073 953 μείονι
1084 863 1159 929 άπό
1176 871 1236 930 τοῦ
1249 865 1396 946 μέζονος,

153 969 236 1052 αὔξη
263 990 297 1030 τε
326 968 371 1051 τῷ
398 965 510 1048 μέζονι
536 959 604 1029 άπὸ
633 971 692 1029 τοῦ
718 964 894 1041 ἐλάσσονος
923 968 977 1030 καὶ
1004 972 1049 1051 τῷ
1072 965 1224 1032 ἐλάσσονι
1246 967 1317 1032 ἀπὸ
1338 970 1432 1038 τοῦ5

154 1071 299 1154 μέζονος.

241 1193 291 1258 VI.
325 1192 361 1255 τὰ
384 1192 418 1254 δὲ
435 1190 520 1254 -ἄλλα
542 1193 640 1254 πάντα
662 1193 712 1254 καὶ
736 1193 838 1276 ψυχὴν
863 1193 1027 1277 ἀνθρώπου
1050 1195 1101 1256 καὶ
1124 1197 1216 1277 σῶμα
1240 1195 1398 1280 ὁμοίωςὴ

156 1299 239 1384 ψυχὴ
265 1300 481 1380 διακοσμεῖται.
519 1290 647 1374 έσέρπει
669 1292 705 1358 δὲ
727 1295 758 1364 ἐς
781 1293 945 1380 ἄνθρωπον
960 1297 1057 1377 μέρεα
1069 1297 1204 1379 μερέων,
1228 1295 1289 1359 όλα
1304 1296 1399 1376 ὅλων,

154 1399 272 1480 ἔχοντα
299 1396 470 1480 σόγκρησιν
499 1395 605 1480 πυρός
628 1397 681 1460 καί
703 1396 840 1472 όδατος,
869 1395 910 1459 τά
932 1397 992 1478 μὲν
1013 1395 1186 1483 ληψόμενοι
1207 1401 1249 1462 τὰ
1271 1399 1308 1464 δέ
1330 1399 1398 1463 δώ-

155 1522 268 1578 σοντα,
297 1502 351 1564 καὶ
377 1498 419 1562 τὰ
445 1499 504 1581 μὲν
525 1499 738 1584 λαμβάνοντα
758 1509 851 1582 μεῖον
873 1511 974 1576 ποιεί,
1003 1502 1045 1564 τὰ
1066 1501 1102 1565 δὲ
1125 1501 1264 1566 διδόντα
1286 1503 1399 1572 πλέον.
1420 1519 1453 1567 10

155 1609 344 1689 πρίουσιν
366 1604 581 1687 ἄνθρωποι
603 1602 740 1680 ξόλον·
764 1603 783 1666 ό
807 1604 874 1685 μέν
895 1604 1016 1680 ἕλκει,
1040 1604 1061 1670 ό
1084 1605 1126 1669 δὲ
1147 1605 1254 1675 dm.
1292 1607 1334 1672 τό
1360 1606 1402 1670 δὲ

154 1709 251 1773 αὐτὸ
273 1709 392 1773 τοῦτο
417 1710 615 1771 ποιέουσι·
638 1717 751 1788 μεῖον
773 1706 816 1770 δὲ
837 1711 1046 1782 ποιέοντες
1068 1709 1192 1775 πλέον
1207 1713 1400 1778 ποιέουσι.

155 1819 293 1879 τοιοῦτον
316 1813 404 1897 φύσις
426 1813 605 1897 ἀνθρώπου·
628 1813 661 1876 τὸ
687 1813 741 1895 μὲν
765 1814 844 1876 ὠθεῖ
863 1816 896 1877 τὸ
922 1815 955 1877 δὲ
977 1815 1074 1878 ἕλκει·
1096 1815 1130 1878 τὸ
1154 1816 1208 1900 μὲν
1228 1816 1344 1892 δίδωσι,
1366 1817 1400 1879 τὸ

156 1918 190 1980 δὲ
223 1917 383 2000 λαμβάνει·
416 1915 466 1978 καί
499 1921 544 1998 τῷ
574 1915 627 1998 μὲν
655 1914 772 1995 δίδωσι,
806 1915 945 1999 τοσούτῳ
973 1915 1076 1997 πλέον,
1112 1915 1149 1979 οὔ
1179 1918 1213 1981 δὲ
1241 1918 1402 2003 λαμβάνει,

156 2019 294 2103 τοσούτῳ
317 2022 424 2098 μεῖον.
451 2014 558 2100 χώρην
580 2015 617 2079 δὲ
640 2019 774 2080 ἕκαστον
796 2015 956 2100 φυλάσσει
978 2018 1036 2101 τὴν
1053 2017 1188 2095 ἑωυτοῦ,
1212 2019 1266 2081 καλ
1288 2017 1403 2099 τὰμὲν
1422 2030 1453 2082 15

157 2120 214 2184 ἐπί
238 2120 276 2185 τό
306 2132 397 2202 μεῖον
426 2119 519 2184 ἰόντα
547 2119 744 2202 διακρίνεται
765 2119 796 2194 ές
818 2120 880 2206 τήν
901 2120 1060 2187 ἐλάσσονα
1082 2121 1265 2206 χώρην,’τόι
1287 2121 1325 2185 δὲ
1345 2121 1402 2184 ἐπὶ

156 2226 194 2286 τό
221 2223 320 2304 μέζον
350 2221 556 2307 πορευόμενα
586 2223 818 2307 συμμισγόμενα
844 2222 1031 2298 έξαλλάσσει
1057 2223 1170 2309 έςτην
1191 2224 1275 2305 μέζω
1297 2223 1402 2300 τάξιν,

158 2325 260 2389 τὰδὲ
281 2329 372 2403 ξείνα
397 2329 438 2412 μὴ
462 2325 618 2411 ὁμότροπα
641 2323 777 2387 ώδείται
799 2323 834 2401 έκ
855 2325 960 2410 χώρης
982 2320 1188 2423 σίλλοτρίης,1
1424 2296 1444 2335 ⁸

241 2443 360 2529 ἑκάστη
388 2445 424 2509 δὲ
450 2445 540 2531 ψυχή
569 2444 653 2527 μέζω
680 2446 734 2508 καὶ
755 2444 879 2508 έλάσσω
902 2444 1021 2527 ἔχουσα
1043 2451 1221 2530 περιφοιτᾷ
1242 2446 1283 2510 τὰ
1305 2447 1405 2531 μόρια

156 2551 198 2613 τὰ
223 2549 355 2633 ἑωυτῆς,
384 2551 459 2614 οὕτε
485 2551 687 2633 προσθέσιος
713 2550 789 2613 οὔτε
810 2542 1001 2632 άφαιρέσιος
1024 2549 1161 2633 δεομένη
1183 2555 1248 2613 τών
1269 2552 1403 2634 μερέων,
1422 2563 1457 2612 20

158 2656 241 2718 κατὰ
261 2654 296 2718 δὲ
319 2656 455 2738 αὔξησιν
477 2653 541 2716 τών
556 2651 773 2737 δπαρχόντων
788 2653 841 2714 καὶ
856 2655 987 2733 μείωσιν
1003 2653 1138 2736 δεομένη
1152 2652 1269 2736 χώρης·
1286 2657 1404 2716 ἕκαστα

158 2756 242 2840 <δὲ>
256 2756 504 2841 διαπρήσσεται,
520 2755 552 2830 ές
567 2756 681 2838 ἥντινα
696 2756 738 2820 όν
752 2754 846 2841 ἔλθη,
867 2756 922 2817 καί
938 2754 1065 2836 δέχεται
1080 2754 1122 2817 τὰ
1136 2759 1403 2840 προσπίπτοντα.

244 2877 285 2942 οδ
311 2876 373 2963 γάρ
402 2876 543 2942 δύναται
571 2875 608 2939 τό
631 2875 674 2960 μὴ
697 2874 889 2959 όμότροπον
911 2875 947 2938 έν
968 2885 1072 2940 τοῖσιν
1094 2874 1314 2960 ἀσυμφόροισι
1335 2899 1404 2958 χω-

158 2981 275 3062 ρίοισιν
307 2978 469 3060 ἐμμένειν·
508 2977 675 3042 πλανᾶται
707 2977 767 3059 μὲν
800 2977 862 3063 γάρ
896 2975 1084 3058 ἀγνώμονα,
1119 2976 1335 3059 συγγνώμονα
1368 2976 1406 3040 δὲ

158 3075 326 3165 ἀλλήλοισι
348 3080 498 3160 γινώσκει.
517 3077 607 3164 πρὸς
626 3082 644 3141 ὓ
666 3079 826 3164 προσίζει·
854 3079 1000 3164 προσίζει
1021 3079 1083 3164 γάρ
1107 3078 1144 3143 τό
1159 3077 1339 3165 ’σύμφορον
1361 3076 1405 3166 τῷ
1423 3094 1456 3146 25

158 3183 329 3270 συμφόρῳ,
363 3183 400 3247 τό
436 3183 473 3246 δὲ
505 3181 700 3267 άσόμφορον
729 3183 867 3264 πολεμεῖ
892 3182 946 3244 καί
974 3181 1110 3263 μάχεται
1136 3183 1406 3247 κάλ’·διαλλάσσει

158 3283 218 3352 ἀπ’
238 3286 397 3374 ἀλλήλων.
429 3287 492 3349 ’διὰ
513 3284 821 3368 τοῦτο’άνθρώπου
844 3283 935 3369 ψυχὴ
958 3284 993 3348 έν
1015 3283 1347 3370 ἅνθρώπῳαδξεται,
1371 3281 1406 3350 ἓν

246 3603 269 3653 l.
286 3599 372 3650 τῶνδε
389 3615 416 3650 τε
434 3601 503 3650 κεῖσε
521 3602 550 3651 δ.
568 3599 614 3648 καὶ
631 3597 712 3648 τῶνδ
731 3597 812 3648 ἐκεῖσε
830 3596 868 3652 Μ.
897 3598 923 3650 3.
941 3601 1010 3666 φορῇ
1028 3601 1056 3651 δ.
1087 3597 1112 3651 5.
1130 3597 1236 3656 αὔξεται
1252 3594 1407 3663 (αὐξάνεται

157 3686 204 3756 Μ)
220 3687 248 3738 τό
266 3686 348 3754 μέζον
366 3722 372 3735 .
391 3722 398 3735 .
418 3722 424 3735 .
443 3721 450 3735 .
469 3685 515 3735 καί
537 3684 566 3736 τὸ
590 3684 703 3736 ἔλασσον
722 3723 728 3735 .
748 3723 754 3735 .
772 3686 802 3736 δ.
820 3683 867 3734 καὶ
884 3683 912 3734 τι)
929 3683 1045 3735 ἔλασσον
1063 3723 1070 3737 .
1090 3723 1097 3737 .
1116 3723 1122 3738 .
1141 3722 1148 3736 .
1167 3684 1277 3751 μέζονος
1295 3700 1350 3737 om.
1368 3682 1406 3738 M.

157 3790 229 3828 corr.
248 3772 317 3826 Wil.
360 3775 384 3826 7.
407 3772 453 3822 καὶ
478 3772 552 3840 ψυχὴ
578 3811 584 3824 .
605 3811 610 3823 .
630 3810 636 3823 .
656 3811 661 3823 .
686 3768 780 3820 όκοῖον
798 3769 880 3824 codd·
927 3771 967 3824 10.
990 3769 1072 3823 πλέον
1094 3769 1162 3822 θΜ.
1186 3797 1219 3808 -
1237 3770 1316 3836 μεῖον
1339 3768 1406 3823 δΜ.

159 3860 200 3913 13.
212 3853 241 3910 τό
254 3857 285 3910 δι’
298 3858 397 3910 δίδωσι
409 3862 438 3909 δ.
476 3859 515 3915 14.
535 3856 610 3911 nach
628 3855 728 3908 δίδωσι
745 3855 834 3926 fflgen
852 3855 917 3910 MR
936 3855 994 3910 ein:
1012 3859 1058 3907 τοῦ
1076 3855 1107 3908 δὲ
1119 3853 1253 3924 λαμβάνει
1265 3854 1312 3904 καί
1324 3849 1345 3922 ᾦ
1356 3854 1408 3923 μὲν

157 3944 265 3997 δίδωσι.
284 3962 338 4000 om.
356 3948 385 3998 θ.
404 3963 426 3998 r.
450 3972 483 3982 -
502 3943 581 3996 οὐδὲν
599 3942 658 3995 &M
676 3942 690 3992 ὅ
709 3942 740 3994 δὲ
757 3942 783 3996 R
801 3960 874 3997 corr.
893 3942 1038 4012 Bywater.
1073 3944 1113 3996 18.
1130 3941 1287 4009 έκχωρέεται
1305 3944 1334 3991 θ.
1367 3941 1408 3994 19.
1467 3992 1469 3996 .

156 4029 223 4097 τάχη
241 4029 278 4089 Μ.
315 4030 357 4084 20.
382 4030 511 4098 δεομένης
532 4029 569 4082 Μ.
611 4030 653 4083 21.
676 4027 795 4097 δεόμενα
816 4027 905 4098 χώρης
928 4027 977 4096 (al.
996 4047 1033 4084 m.
1050 4026 1153 4096 χώρην)
1172 4027 1208 4081 ἓκ.
1227 4030 1258 4080 θ.
1293 4025 1408 4093 δεομένη

156 4115 250 4185 χώρην
272 4115 303 4168 δὲ
325 4116 361 4168 ἑκ.
387 4115 424 4168 Μ.
462 4116 504 4169 22.
526 4115 629 4179 έσέλδηι
648 4114 676 4168 Μ
699 4113 761 4168 sine
784 4114 828 4167 ἂν.
863 4115 906 4168 23.
924 4115 1049 4183 ἀνέχεται
1066 4117 1100 4180 ³3
1125 4113 1172 4164 καὶ
1189 4111 1215 4165 δ.
1236 4110 1273 4167 Μ.
1308 4111 1351 4165 24.
1369 4111 1406 4166 M.

156 4202 195 4271 μὴ
213 4201 340 4270 ὁμονοεῖν
358 4206 387 4256 θ.
411 4231 445 4240 -
467 4199 649 4270 συνγινόμενα
667 4204 696 4252 θ.
715 4199 925 4268 συμμισγόμενα
944 4200 980 4254 Μ.
1018 4200 1059 4254 25.
1078 4197 1267 4268 συγγινώσκει·
1290 4199 1408 4264 προσίζει

157 4288 213 4355 γὰρ
232 4288 269 4342 Μ.

213 4387 328 4442 Ρλιίλοίος.
343 4388 560 4442 Ποίετιοολιιιιιςεο
573 4388 626 4436 XV.
1183 4387 1200 4441 8
