<?xml version="1.0" encoding="UTF-8"?>
<!DOCTYPE html PUBLIC "-//W3C//DTD XHTML 1.0 Transitional//EN"
    "http://www.w3.org/TR/xhtml1/DTD/xhtml1-transitional.dtd">
<html xmlns="http://www.w3.org/1999/xhtml" xml:lang="en" lang="en">
 <head>
  <title>
</title>
<meta http-equiv="Content-Type" content="text/html;charset=utf-8" />
  <meta name='ocr-system' content='tesseract 3.04.00' />
  <meta name='ocr-capabilities' content='ocr_page ocr_carea ocr_par ocr_line ocrx_word'/>
</head>
<body>
  <div class='ocr_page' id='page_1' title='image "./hippokratischeu00friegoog/hippokratischeu00friegoog_0223.png"; bbox 0 0 3120 4928; ppageno 0'>
   <div class='ocr_carea' id='block_1_1' title="bbox 661 377 896 442">
    <p class='ocr_par' dir='ltr' id='par_1_1' title="bbox 661 377 896 442">
     <span class='ocr_line' id='line_1_1' title="bbox 661 377 896 442; baseline -0.009 0"><span class='ocrx_word' id='word_1_1' title='bbox 661 377 896 442; x_wconf 82' lang='grc'>-212-</span> 
     </span>
    </p>
   </div>
   <div class='ocr_carea' id='block_1_2' title="bbox 153 565 748 756">
    <p class='ocr_par' dir='ltr' id='par_1_2' title="bbox 153 565 748 756">
     <span class='ocr_line' id='line_1_2' title="bbox 153 565 748 650; baseline -0.008 -19"><span class='ocrx_word' id='word_1_2' title='bbox 153 566 351 650; x_wconf 83' lang='grc' dir='ltr'><strong><em>νοσερώτερά</em></strong></span> <span class='ocrx_word' id='word_1_3' title='bbox 381 590 414 629; x_wconf 86' lang='grc' dir='ltr'><strong><em>τε</em></strong></span> <span class='ocrx_word' id='word_1_4' title='bbox 447 569 500 629; x_wconf 79' lang='grc' dir='ltr'><strong><em>καί</em></strong></span> <span class='ocrx_word' id='word_1_5' title='bbox 533 565 748 632; x_wconf 79' lang='grc' dir='ltr'><strong><em>ἐπικινδυνό-</em></strong></span> 
     </span>
     <span class='ocr_line' id='line_1_3' title="bbox 153 672 272 756; baseline -0.008 -23"><span class='ocrx_word' id='word_1_6' title='bbox 153 695 238 756; x_wconf 90' lang='grc' dir='ltr'><strong><em>τερα.</em></strong></span> <span class='ocrx_word' id='word_1_7' title='bbox 248 672 272 754; x_wconf 86' lang='grc'><strong><em>1)</em></strong></span> 
     </span>
    </p>
   </div>
   <div class='ocr_carea' id='block_1_3' title="bbox 154 975 751 1269">
    <p class='ocr_par' dir='ltr' id='par_1_3' title="bbox 154 975 751 1269">
     <span class='ocr_line' id='line_1_4' title="bbox 198 975 751 1058; baseline -0.011 -14"><span class='ocrx_word' id='word_1_8' title='bbox 198 980 271 1058; x_wconf 87' lang='grc'>658,</span> <span class='ocrx_word' id='word_1_9' title='bbox 296 980 313 1043; x_wconf 79' lang='grc'>7</span> <span class='ocrx_word' id='word_1_10' title='bbox 344 978 419 1052; x_wconf 81' lang='grc' dir='ltr'><strong><em>τούς</em></strong></span> <span class='ocrx_word' id='word_1_11' title='bbox 448 978 485 1041; x_wconf 78' lang='grc' dir='ltr'><strong><em>δέ</em></strong></span> <span class='ocrx_word' id='word_1_12' title='bbox 511 975 751 1050; x_wconf 72' lang='grc' dir='ltr'><strong><em>ἀποθανόντας</em></strong></span> 
     </span>
     <span class='ocr_line' id='line_1_5' title="bbox 154 1080 749 1168; baseline -0.003 -22"><span class='ocrx_word' id='word_1_13' title='bbox 154 1081 235 1168; x_wconf 81' lang='grc' dir='ltr'><strong><em>ὁρῆν</em></strong></span> <span class='ocrx_word' id='word_1_14' title='bbox 257 1082 426 1163; x_wconf 77' lang='grc' dir='ltr'><strong><em>καθαρούς</em></strong></span> <span class='ocrx_word' id='word_1_15' title='bbox 448 1080 483 1145; x_wconf 72' lang='grc' dir='ltr'><strong><em>ἐν</em></strong></span> <span class='ocrx_word' id='word_1_16' title='bbox 504 1080 659 1162; x_wconf 72' lang='grc' dir='ltr'><strong><em>ἱματίοισι</em></strong></span> <span class='ocrx_word' id='word_1_17' title='bbox 674 1081 749 1144; x_wconf 82' lang='grc' dir='ltr'><strong><em>λευ-</em></strong></span> 
     </span>
     <span class='ocr_line' id='line_1_6' title="bbox 154 1184 419 1269; baseline 0 -21"><span class='ocrx_word' id='word_1_18' title='bbox 154 1197 258 1250; x_wconf 81' lang='grc' dir='ltr'><strong><em>κοῖσιν</em></strong></span> <span class='ocrx_word' id='word_1_19' title='bbox 280 1184 419 1269; x_wconf 79' lang='grc' dir='ltr'><strong><em>ἀγαθόν,</em></strong></span> 
     </span>
    </p>
   </div>
   <div class='ocr_carea' id='block_1_4' title="bbox 154 1384 752 1578">
    <p class='ocr_par' dir='ltr' id='par_1_4' title="bbox 154 1384 752 1578">
     <span class='ocr_line' id='line_1_7' title="bbox 199 1384 752 1474; baseline 0.002 -21"><span class='ocrx_word' id='word_1_20' title='bbox 199 1393 251 1454; x_wconf 78' lang='grc' dir='ltr'><strong><em>καὶ</em></strong></span> <span class='ocrx_word' id='word_1_21' title='bbox 279 1390 456 1472; x_wconf 78' lang='grc' dir='ltr'><strong><em>λαμβάνειν</em></strong></span> <span class='ocrx_word' id='word_1_22' title='bbox 483 1414 514 1453; x_wconf 92' lang='grc' dir='ltr'><strong><em>τι</em></strong></span> <span class='ocrx_word' id='word_1_23' title='bbox 537 1391 616 1474; x_wconf 82' lang='grc' dir='ltr'><strong><em>παρ’</em></strong></span> <span class='ocrx_word' id='word_1_24' title='bbox 643 1384 752 1454; x_wconf 76' lang='grc' dir='ltr'><strong><em>αὐτῶν</em></strong></span> 
     </span>
     <span class='ocr_line' id='line_1_8' title="bbox 154 1493 322 1578; baseline 0 -20"><span class='ocrx_word' id='word_1_25' title='bbox 154 1493 322 1578; x_wconf 86' lang='grc' dir='ltr'><strong><em>καθαρόν·</em></strong></span> 
     </span>
    </p>
   </div>
   <div class='ocr_carea' id='block_1_5' title="bbox 118 1694 752 2609">
    <p class='ocr_par' dir='ltr' id='par_1_5' title="bbox 118 1694 752 2609">
     <span class='ocr_line' id='line_1_9' title="bbox 198 1694 749 1784; baseline -0.004 -20"><span class='ocrx_word' id='word_1_26' title='bbox 198 1704 226 1764; x_wconf 82' lang='grc' dir='ltr'><strong><em>εἰ</em></strong></span> <span class='ocrx_word' id='word_1_27' title='bbox 249 1702 285 1765; x_wconf 82' lang='grc' dir='ltr'><strong><em>δὲ</em></strong></span> <span class='ocrx_word' id='word_1_28' title='bbox 307 1694 501 1764; x_wconf 77' lang='grc' dir='ltr'><strong><em>τούναντίον</em></strong></span> <span class='ocrx_word' id='word_1_29' title='bbox 523 1722 571 1773; x_wconf 90' lang='grc' dir='ltr'><strong><em>τις</em></strong></span> <span class='ocrx_word' id='word_1_30' title='bbox 586 1698 672 1784; x_wconf 82' lang='grc' dir='ltr'><strong><em>ὁρῴη</em></strong></span> <span class='ocrx_word' id='word_1_31' title='bbox 688 1721 749 1778; x_wconf 74' lang='grc' dir='ltr'><strong><em>γυ-</em></strong></span> 
     </span>
     <span class='ocr_line' id='line_1_10' title="bbox 155 1802 749 1888; baseline -0.007 -20"><span class='ocrx_word' id='word_1_32' title='bbox 155 1805 257 1888; x_wconf 80' lang='grc' dir='ltr'><strong><em>μνοὺς</em></strong></span> <span class='ocrx_word' id='word_1_33' title='bbox 280 1809 299 1888; x_wconf 80' lang='grc' dir='ltr'><em>ἢ</em></span> <span class='ocrx_word' id='word_1_34' title='bbox 319 1802 572 1884; x_wconf 84' lang='grc' dir='ltr'><strong><em>μελανοείμονας</em></strong></span> <span class='ocrx_word' id='word_1_35' title='bbox 591 1805 611 1886; x_wconf 82' lang='grc' dir='ltr'><em>ἢ</em></span> <span class='ocrx_word' id='word_1_36' title='bbox 630 1802 673 1884; x_wconf 85' lang='grc' dir='ltr'><strong><em>μὴ</em></strong></span> <span class='ocrx_word' id='word_1_37' title='bbox 689 1825 749 1864; x_wconf 91' lang='grc' dir='ltr'><strong><em>κα-</em></strong></span> 
     </span>
     <span class='ocr_line' id='line_1_11' title="bbox 156 1905 751 1991; baseline -0.003 -22"><span class='ocrx_word' id='word_1_38' title='bbox 156 1906 285 1991; x_wconf 73' lang='grc' dir='ltr'><strong><em>θαροὺς</em></strong></span> <span class='ocrx_word' id='word_1_39' title='bbox 308 1907 328 1988; x_wconf 81' lang='grc' dir='ltr'><em>ἢ</em></span> <span class='ocrx_word' id='word_1_40' title='bbox 350 1905 575 1987; x_wconf 74' lang='grc' dir='ltr'><strong><em>λαμβάνοντάς</em></strong></span> <span class='ocrx_word' id='word_1_41' title='bbox 598 1929 628 1967; x_wconf 92' lang='grc' dir='ltr'><strong><em>τι</em></strong></span> <span class='ocrx_word' id='word_1_42' title='bbox 651 1907 751 1989; x_wconf 80' lang='grc' dir='ltr'><strong><em>ἢφέ-</em></strong></span> 
     </span>
     <span class='ocr_line' id='line_1_12' title="bbox 156 2006 751 2094; baseline -0.005 -21"><span class='ocrx_word' id='word_1_43' title='bbox 156 2033 273 2094; x_wconf 90' lang='grc' dir='ltr'><strong><em>ροντας</em></strong></span> <span class='ocrx_word' id='word_1_44' title='bbox 296 2009 330 2071; x_wconf 80' lang='grc' dir='ltr'><strong><em>ἐκ</em></strong></span> <span class='ocrx_word' id='word_1_45' title='bbox 352 2009 407 2091; x_wconf 76' lang='grc' dir='ltr'><strong><em>τῆς</em></strong></span> <span class='ocrx_word' id='word_1_46' title='bbox 424 2009 538 2092; x_wconf 78' lang='grc' dir='ltr'><strong><em>οἰκίης,</em></strong></span> <span class='ocrx_word' id='word_1_47' title='bbox 560 2006 619 2073; x_wconf 77' lang='grc' dir='ltr'><strong><em>οὔκ</em></strong></span> <span class='ocrx_word' id='word_1_48' title='bbox 636 2007 751 2093; x_wconf 76' lang='grc' dir='ltr'><strong><em>ἐπιτή-</em></strong></span> 
     </span>
     <span class='ocr_line' id='line_1_13' title="bbox 157 2113 257 2176; baseline 0 0"><span class='ocrx_word' id='word_1_49' title='bbox 157 2113 257 2176; x_wconf 87' lang='grc' dir='ltr'><strong><em>δειον.</em></strong></span> 
     </span>
     <span class='ocr_line' id='line_1_14' title="bbox 118 2215 751 2300; baseline -0.003 -20"><span class='ocrx_word' id='word_1_50' title='bbox 118 2281 125 2291; x_wconf 83' lang='grc'>,</span> <span class='ocrx_word' id='word_1_51' title='bbox 200 2217 309 2295; x_wconf 87' lang='grc'>660,1</span> <span class='ocrx_word' id='word_1_52' title='bbox 334 2217 394 2278; x_wconf 84' lang='grc' dir='ltr'><strong><em>ὅσα</em></strong></span> <span class='ocrx_word' id='word_1_53' title='bbox 417 2215 453 2278; x_wconf 82' lang='grc' dir='ltr'><strong><em>δὲ</em></strong></span> <span class='ocrx_word' id='word_1_54' title='bbox 475 2215 669 2300; x_wconf 82' lang='grc' dir='ltr'><strong><em>ἅλλόμορφα</em></strong></span> <span class='ocrx_word' id='word_1_55' title='bbox 685 2216 751 2279; x_wconf 85' lang='grc' dir='ltr'><strong><em>σοι’-</em></strong></span> 
     </span>
     <span class='ocr_line' id='line_1_15' title="bbox 156 2317 752 2403; baseline -0.002 -22"><span class='ocrx_word' id='word_1_56' title='bbox 156 2343 244 2399; x_wconf 90' lang='grc' dir='ltr'><strong><em>ματα</em></strong></span> <span class='ocrx_word' id='word_1_57' title='bbox 263 2322 413 2403; x_wconf 86' lang='grc' dir='ltr'><strong><em>φαίνεται</em></strong></span> <span class='ocrx_word' id='word_1_58' title='bbox 435 2317 491 2381; x_wconf 76' lang='grc' dir='ltr'><strong><em>ε”πί</em></strong></span> <span class='ocrx_word' id='word_1_59' title='bbox 513 2331 597 2383; x_wconf 74' lang='grc' dir='ltr'><strong><em>τοῖσι</em></strong></span> <span class='ocrx_word' id='word_1_60' title='bbox 618 2321 752 2385; x_wconf 83' lang='grc' dir='ltr'><strong><em>ὕπνοισι</em></strong></span> 
     </span>
     <span class='ocr_line' id='line_1_16' title="bbox 156 2420 751 2506; baseline 0.003 -21"><span class='ocrx_word' id='word_1_61' title='bbox 156 2424 210 2486; x_wconf 81' lang='grc' dir='ltr'><strong><em>καὶ</em></strong></span> <span class='ocrx_word' id='word_1_62' title='bbox 234 2426 332 2506; x_wconf 74' lang='grc' dir='ltr'><strong><em>φοβεῖ</em></strong></span> <span class='ocrx_word' id='word_1_63' title='bbox 351 2420 411 2486; x_wconf 86' lang='grc' dir='ltr'><strong><em>τόν</em></strong></span> <span class='ocrx_word' id='word_1_64' title='bbox 432 2422 646 2504; x_wconf 85' lang='grc' dir='ltr'><strong><em>ὅνθρωπον.</em></strong></span> <span class='ocrx_word' id='word_1_65' title='bbox 674 2468 682 2484; x_wconf 87' lang='grc'><strong><em>.</em></strong></span> <span class='ocrx_word' id='word_1_66' title='bbox 707 2468 715 2484; x_wconf 90' lang='grc'><strong><em>.</em></strong></span> <span class='ocrx_word' id='word_1_67' title='bbox 744 2474 751 2487; x_wconf 90' lang='grc'><strong><em>.</em></strong></span> 
     </span>
     <span class='ocr_line' id='line_1_17' title="bbox 157 2523 750 2609; baseline 0.003 -19"><span class='ocrx_word' id='word_1_68' title='bbox 157 2530 304 2609; x_wconf 81' lang='grc' dir='ltr'><strong><em>σημαίνει</em></strong></span> <span class='ocrx_word' id='word_1_69' title='bbox 324 2572 332 2588; x_wconf 94' lang='grc'><strong><em>.</em></strong></span> <span class='ocrx_word' id='word_1_70' title='bbox 350 2572 358 2588; x_wconf 90' lang='grc'><strong><em>.</em></strong></span> <span class='ocrx_word' id='word_1_71' title='bbox 376 2572 384 2588; x_wconf 93' lang='grc'><strong><em>.</em></strong></span> <span class='ocrx_word' id='word_1_72' title='bbox 404 2531 526 2590; x_wconf 82' lang='grc' dir='ltr'><strong><em>νοῦσον</em></strong></span> <span class='ocrx_word' id='word_1_73' title='bbox 541 2523 750 2592; x_wconf 84' lang='grc' dir='ltr'><strong><em>κινδυνώδεα.</em></strong></span> 
     </span>
    </p>
   </div>
   <div class='ocr_carea' id='block_1_6' title="bbox 157 2730 753 3533">
    <p class='ocr_par' dir='ltr' id='par_1_6' title="bbox 157 2730 753 3330">
     <span class='ocr_line' id='line_1_18' title="bbox 200 2730 751 2817; baseline -0.007 -20"><span class='ocrx_word' id='word_1_74' title='bbox 200 2733 274 2810; x_wconf 86' lang='grc'>660,</span> <span class='ocrx_word' id='word_1_75' title='bbox 290 2733 311 2795; x_wconf 92' lang='grc'>4</span> <span class='ocrx_word' id='word_1_76' title='bbox 333 2731 466 2794; x_wconf 82' lang='grc' dir='ltr'><strong><em>ὁπόταν</em></strong></span> <span class='ocrx_word' id='word_1_77' title='bbox 482 2730 518 2794; x_wconf 80' lang='grc' dir='ltr'><strong><em>δὲ</em></strong></span> <span class='ocrx_word' id='word_1_78' title='bbox 532 2730 567 2793; x_wconf 76' lang='grc' dir='ltr'><strong><em>ἐν</em></strong></span> <span class='ocrx_word' id='word_1_79' title='bbox 588 2732 633 2815; x_wconf 81' lang='grc' dir='ltr'><strong><em>τῷ</em></strong></span> <span class='ocrx_word' id='word_1_80' title='bbox 655 2735 751 2817; x_wconf 83' lang='grc' dir='ltr'><strong><em>όπνφ</em></strong></span> 
     </span>
     <span class='ocr_line' id='line_1_19' title="bbox 157 2834 751 2919; baseline 0.003 -23"><span class='ocrx_word' id='word_1_81' title='bbox 157 2834 282 2897; x_wconf 81' lang='grc' dir='ltr'><strong><em>ἐσθίειν</em></strong></span> <span class='ocrx_word' id='word_1_82' title='bbox 305 2837 398 2919; x_wconf 87' lang='grc' dir='ltr'><strong><em>δοκέη</em></strong></span> <span class='ocrx_word' id='word_1_83' title='bbox 422 2837 441 2914; x_wconf 75' lang='grc' dir='ltr'><em>ἤ</em></span> <span class='ocrx_word' id='word_1_84' title='bbox 463 2837 570 2899; x_wconf 82' lang='grc' dir='ltr'><strong><em>πίνειν</em></strong></span> <span class='ocrx_word' id='word_1_85' title='bbox 586 2840 659 2899; x_wconf 81' lang='grc' dir='ltr'><strong><em>τῶν</em></strong></span> <span class='ocrx_word' id='word_1_86' title='bbox 682 2853 751 2898; x_wconf 85' lang='grc' dir='ltr'><strong><em>συ-</em></strong></span> 
     </span>
     <span class='ocr_line' id='line_1_20' title="bbox 157 2935 753 3020; baseline 0.002 -20"><span class='ocrx_word' id='word_1_87' title='bbox 157 2935 290 3020; x_wconf 80' lang='grc' dir='ltr'><strong><em>νήθων</em></strong></span> <span class='ocrx_word' id='word_1_88' title='bbox 314 2943 426 3000; x_wconf 78' lang='grc' dir='ltr'><strong><em>ποτοίν</em></strong></span> <span class='ocrx_word' id='word_1_89' title='bbox 447 2941 468 3020; x_wconf 84' lang='grc' dir='ltr'><em>ἢ</em></span> <span class='ocrx_word' id='word_1_90' title='bbox 487 2941 608 3012; x_wconf 83' lang='grc' dir='ltr'><strong><em>σιτίων,</em></strong></span> <span class='ocrx_word' id='word_1_91' title='bbox 626 2937 753 3001; x_wconf 75' lang='grc' dir='ltr'><strong><em>ἔνδειαν</em></strong></span> 
     </span>
     <span class='ocr_line' id='line_1_21' title="bbox 158 3041 753 3126; baseline 0 -24"><span class='ocrx_word' id='word_1_92' title='bbox 158 3041 304 3122; x_wconf 89' lang='grc' dir='ltr'><strong><em>σημαίνει</em></strong></span> <span class='ocrx_word' id='word_1_93' title='bbox 349 3047 469 3122; x_wconf 82' lang='grc' dir='ltr'><strong><em>τροφῆς</em></strong></span> <span class='ocrx_word' id='word_1_94' title='bbox 504 3086 511 3101; x_wconf 93' lang='grc'><strong><em>.</em></strong></span> <span class='ocrx_word' id='word_1_95' title='bbox 541 3089 548 3104; x_wconf 94' lang='grc'><strong><em>.</em></strong></span> <span class='ocrx_word' id='word_1_96' title='bbox 580 3091 586 3104; x_wconf 97' lang='grc'><strong><em>.</em></strong></span> <span class='ocrx_word' id='word_1_97' title='bbox 618 3092 625 3107; x_wconf 89' lang='grc'><strong><em>.</em></strong></span> <span class='ocrx_word' id='word_1_98' title='bbox 676 3045 753 3126; x_wconf 85' lang='grc' dir='ltr'><strong><em>κρέα</em></strong></span> 
     </span>
     <span class='ocr_line' id='line_1_22' title="bbox 159 3142 753 3228; baseline 0.008 -24"><span class='ocrx_word' id='word_1_99' title='bbox 159 3142 196 3204; x_wconf 81' lang='grc' dir='ltr'><strong><em>δὲ</em></strong></span> <span class='ocrx_word' id='word_1_100' title='bbox 219 3187 226 3203; x_wconf 94' lang='grc'><strong><em>.</em></strong></span> <span class='ocrx_word' id='word_1_101' title='bbox 251 3188 259 3204; x_wconf 89' lang='grc'><strong><em>.</em></strong></span> <span class='ocrx_word' id='word_1_102' title='bbox 283 3189 291 3204; x_wconf 92' lang='grc'><strong><em>.</em></strong></span> <span class='ocrx_word' id='word_1_103' title='bbox 316 3193 323 3207; x_wconf 96' lang='grc'><strong><em>.</em></strong></span> <span class='ocrx_word' id='word_1_104' title='bbox 347 3144 456 3228; x_wconf 82' lang='grc' dir='ltr'><strong><em>ὥσπερ</em></strong></span> <span class='ocrx_word' id='word_1_105' title='bbox 478 3145 540 3228; x_wconf 80' lang='grc' dir='ltr'><strong><em>γὰρ</em></strong></span> <span class='ocrx_word' id='word_1_106' title='bbox 555 3143 753 3226; x_wconf 77' lang='grc' dir='ltr'><strong><em>ἐσθιόμενον</em></strong></span> 
     </span>
     <span class='ocr_line' id='line_1_23' title="bbox 157 3245 680 3330; baseline 0.008 -23"><span class='ocrx_word' id='word_1_107' title='bbox 157 3245 293 3325; x_wconf 72' lang='grc' dir='ltr'><strong><em>α’γαθόν</em></strong></span> <span class='ocrx_word' id='word_1_108' title='bbox 316 3249 400 3309; x_wconf 82' lang='grc' dir='ltr'><strong><em>οὕτω</em></strong></span> <span class='ocrx_word' id='word_1_109' title='bbox 423 3247 477 3309; x_wconf 80' lang='grc' dir='ltr'><strong><em>καὶ</em></strong></span> <span class='ocrx_word' id='word_1_110' title='bbox 500 3245 680 3330; x_wconf 77' lang='grc' dir='ltr'><strong><em>ὁρεόμενον.</em></strong></span> 
     </span>
    </p>

    <p class='ocr_par' dir='ltr' id='par_1_7' title="bbox 157 3349 752 3533">
     <span class='ocr_line' id='line_1_24' title="bbox 202 3349 752 3434; baseline 0.004 -22"><span class='ocrx_word' id='word_1_111' title='bbox 202 3351 287 3429; x_wconf 77' lang='grc' dir='ltr'><strong><em>ι’·δωρ</em></strong></span> <span class='ocrx_word' id='word_1_112' title='bbox 322 3349 499 3432; x_wconf 88' lang='grc' dir='ltr'><strong><em>πινόμενον</em></strong></span> <span class='ocrx_word' id='word_1_113' title='bbox 532 3352 682 3434; x_wconf 89' lang='grc' dir='ltr'><strong><em>καθαρὸν</em></strong></span> <span class='ocrx_word' id='word_1_114' title='bbox 713 3349 752 3414; x_wconf 81' lang='grc' dir='ltr'><strong><em>οὐ</em></strong></span> 
     </span>
     <span class='ocr_line' id='line_1_25' title="bbox 157 3453 304 3533; baseline 0.007 -17"><span class='ocrx_word' id='word_1_115' title='bbox 157 3453 304 3533; x_wconf 78' lang='grc' dir='ltr'><strong><em>βλάπτει.</em></strong></span> 
     </span>
    </p>
   </div>
   <div class='ocr_carea' id='block_1_7' title="bbox 157 3660 753 3950">
    <p class='ocr_par' dir='ltr' id='par_1_8' title="bbox 157 3660 753 3950">
     <span class='ocr_line' id='line_1_26' title="bbox 201 3660 753 3746; baseline 0 -23"><span class='ocrx_word' id='word_1_116' title='bbox 201 3660 274 3737; x_wconf 92' lang='grc'>660,</span> <span class='ocrx_word' id='word_1_117' title='bbox 308 3662 328 3724; x_wconf 92' lang='grc'>6</span> <span class='ocrx_word' id='word_1_118' title='bbox 361 3661 415 3721; x_wconf 81' lang='grc' dir='ltr'><strong><em>καί</em></strong></span> <span class='ocrx_word' id='word_1_119' title='bbox 453 3661 543 3743; x_wconf 80' lang='grc' dir='ltr'><strong><em>ἄρτοι</em></strong></span> <span class='ocrx_word' id='word_1_120' title='bbox 580 3669 664 3746; x_wconf 79' lang='grc' dir='ltr'><strong><em>τυρῷ</em></strong></span> <span class='ocrx_word' id='word_1_121' title='bbox 699 3662 753 3723; x_wconf 83' lang='grc' dir='ltr'><strong><em>καὶ</em></strong></span> 
     </span>
     <span class='ocr_line' id='line_1_27' title="bbox 157 3763 751 3849; baseline 0.005 -24"><span class='ocrx_word' id='word_1_122' title='bbox 157 3763 260 3843; x_wconf 83' lang='grc' dir='ltr'><strong><em>μέλιτι</em></strong></span> <span class='ocrx_word' id='word_1_123' title='bbox 283 3767 497 3847; x_wconf 82' lang='grc' dir='ltr'><strong><em>πεποιημένοι</em></strong></span> <span class='ocrx_word' id='word_1_124' title='bbox 521 3764 670 3838; x_wconf 71' lang='grc' dir='ltr'><strong><em>ὡσαύτως</em></strong></span> <span class='ocrx_word' id='word_1_125' title='bbox 693 3782 751 3849; x_wconf 89' lang='grc' dir='ltr'><strong><em>ση-</em></strong></span> 
     </span>
     <span class='ocr_line' id='line_1_28' title="bbox 158 3871 319 3950; baseline 0 -22"><span class='ocrx_word' id='word_1_126' title='bbox 158 3871 319 3950; x_wconf 85' lang='grc' dir='ltr'><strong><em>μαίνουσι.</em></strong></span> 
     </span>
    </p>
   </div>
   <div class='ocr_carea' id='block_1_8' title="bbox 801 771 1404 1890">
    <p class='ocr_par' dir='ltr' id='par_1_9' title="bbox 801 771 1403 958">
     <span class='ocr_line' id='line_1_29' title="bbox 845 771 1403 858; baseline -0.004 -22"><span class='ocrx_word' id='word_1_127' title='bbox 845 773 897 848; x_wconf 80' lang='grc'>00,</span> <span class='ocrx_word' id='word_1_128' title='bbox 922 771 963 835; x_wconf 88' lang='grc'>18</span> <span class='ocrx_word' id='word_1_129' title='bbox 989 772 1029 833; x_wconf 89' lang='grc' dir='ltr'><strong><em>τὰ</em></strong></span> <span class='ocrx_word' id='word_1_130' title='bbox 1057 774 1085 837; x_wconf 85' lang='grc' dir='ltr'><strong><em>δ’</em></strong></span> <span class='ocrx_word' id='word_1_131' title='bbox 1113 771 1200 835; x_wconf 78' lang='grc' dir='ltr'><strong><em>αὕτα</em></strong></span> <span class='ocrx_word' id='word_1_132' title='bbox 1226 777 1268 858; x_wconf 80' lang='grc' dir='ltr'><strong><em>τῇ</em></strong></span> <span class='ocrx_word' id='word_1_133' title='bbox 1289 771 1403 855; x_wconf 75' lang='grc' dir='ltr'><strong><em>ἐσθῆτι</em></strong></span> 
     </span>
     <span class='ocr_line' id='line_1_30' title="bbox 801 873 1361 958; baseline 0.005 -23"><span class='ocrx_word' id='word_1_134' title='bbox 801 878 854 936; x_wconf 78' lang='grc' dir='ltr'><strong><em>καί</em></strong></span> <span class='ocrx_word' id='word_1_135' title='bbox 877 874 912 937; x_wconf 75' lang='grc' dir='ltr'><strong><em>αἶ</em></strong></span> <span class='ocrx_word' id='word_1_136' title='bbox 935 873 1106 948; x_wconf 75' lang='grc' dir='ltr'><strong><em>ὑποδέσεις</em></strong></span> <span class='ocrx_word' id='word_1_137' title='bbox 1132 877 1361 958; x_wconf 80' lang='grc' dir='ltr'><strong><em>σημαίνουσιν.</em></strong></span> 
     </span>
    </p>

    <p class='ocr_par' dir='ltr' id='par_1_10' title="bbox 801 973 1403 1372">
     <span class='ocr_line' id='line_1_31' title="bbox 847 973 1403 1059; baseline -0.002 -18"><span class='ocrx_word' id='word_1_138' title='bbox 847 973 912 1059; x_wconf 64' lang='lat' dir='ltr'><strong><em>vgls</em></strong></span> <span class='ocrx_word' id='word_1_139' title='bbox 933 979 985 1056; x_wconf 86' lang='grc'><strong><em>86,</em></strong></span> <span class='ocrx_word' id='word_1_140' title='bbox 1011 979 1051 1042; x_wconf 89' lang='grc'><strong><em>16</em></strong></span> <span class='ocrx_word' id='word_1_141' title='bbox 1073 975 1170 1059; x_wconf 75' lang='grc' dir='ltr'><strong><em>ἀνδρί</em></strong></span> <span class='ocrx_word' id='word_1_142' title='bbox 1193 977 1233 1041; x_wconf 76' lang='grc' dir='ltr'><strong><em>δὲ</em></strong></span> <span class='ocrx_word' id='word_1_143' title='bbox 1251 986 1403 1043; x_wconf 83' lang='grc' dir='ltr'><strong><em>νοσοῦντι</em></strong></span> 
     </span>
     <span class='ocr_line' id='line_1_32' title="bbox 802 1078 1402 1165; baseline 0.005 -23"><span class='ocrx_word' id='word_1_144' title='bbox 802 1079 900 1142; x_wconf 83' lang='grc' dir='ltr'><strong><em>λευκὰ</em></strong></span> <span class='ocrx_word' id='word_1_145' title='bbox 912 1079 995 1161; x_wconf 82' lang='grc' dir='ltr'><strong><em>ἔχειν</em></strong></span> <span class='ocrx_word' id='word_1_146' title='bbox 1006 1078 1118 1162; x_wconf 68' lang='grc' dir='ltr'><strong><em>ἱμάτια</em></strong></span> <span class='ocrx_word' id='word_1_147' title='bbox 1128 1079 1285 1145; x_wconf 77' lang='grc' dir='ltr'><strong><em>θάνατον</em></strong></span> <span class='ocrx_word' id='word_1_148' title='bbox 1299 1105 1402 1165; x_wconf 85' lang='grc' dir='ltr'><strong><em>προο-</em></strong></span> 
     </span>
     <span class='ocr_line' id='line_1_33' title="bbox 802 1177 1402 1266; baseline 0.003 -21"><span class='ocrx_word' id='word_1_149' title='bbox 802 1182 926 1266; x_wconf 80' lang='grc' dir='ltr'><strong><em>γορεόει</em></strong></span> <span class='ocrx_word' id='word_1_150' title='bbox 943 1183 1050 1247; x_wconf 84' lang='grc' dir='ltr'><strong><em>διὰτὸ</em></strong></span> <span class='ocrx_word' id='word_1_151' title='bbox 1066 1184 1143 1258; x_wconf 82' lang='grc' dir='ltr'><strong><em>τούς</em></strong></span> <span class='ocrx_word' id='word_1_152' title='bbox 1158 1177 1402 1258; x_wconf 74' lang='grc' dir='ltr'><strong><em>ἀποθανόντας</em></strong></span> 
     </span>
     <span class='ocr_line' id='line_1_34' title="bbox 801 1272 1401 1372; baseline 0.007 -22"><span class='ocrx_word' id='word_1_153' title='bbox 801 1287 836 1352; x_wconf 75' lang='grc' dir='ltr'><strong><em>ἐν</em></strong></span> <span class='ocrx_word' id='word_1_154' title='bbox 851 1287 975 1361; x_wconf 78' lang='grc' dir='ltr'><strong><em>λευκοῖς</em></strong></span> <span class='ocrx_word' id='word_1_155' title='bbox 990 1272 1185 1371; x_wconf 75' lang='grc' dir='ltr'><strong><em>ἐκφέρεσθαι</em></strong></span> <span class='ocrx_word' id='word_1_156' title='bbox 1201 1289 1293 1370; x_wconf 89' lang='grc'>(205,</span> <span class='ocrx_word' id='word_1_157' title='bbox 1310 1290 1331 1351; x_wconf 81' lang='grc'><strong>9</strong></span> <span class='ocrx_word' id='word_1_158' title='bbox 1347 1290 1401 1372; x_wconf 73' lang='grc'><strong><em>6.).</em></strong></span> 
     </span>
    </p>

    <p class='ocr_par' dir='ltr' id='par_1_11' title="bbox 803 1388 1402 1681">
     <span class='ocr_line' id='line_1_35' title="bbox 850 1388 1402 1476; baseline 0 -21"><span class='ocrx_word' id='word_1_159' title='bbox 850 1392 922 1469; x_wconf 91' lang='grc'>154,</span> <span class='ocrx_word' id='word_1_160' title='bbox 940 1393 978 1455; x_wconf 94' lang='grc'><strong><em>11</em></strong></span> <span class='ocrx_word' id='word_1_161' title='bbox 1003 1391 1032 1453; x_wconf 87' lang='grc' dir='ltr'><strong><em>εί</em></strong></span> <span class='ocrx_word' id='word_1_162' title='bbox 1049 1390 1130 1453; x_wconf 78' lang='grc' dir='ltr'><strong><em>δέτι</em></strong></span> <span class='ocrx_word' id='word_1_163' title='bbox 1146 1388 1178 1453; x_wconf 78' lang='grc' dir='ltr'><strong><em>οἳ</em></strong></span> <span class='ocrx_word' id='word_1_164' title='bbox 1194 1395 1304 1476; x_wconf 85' lang='grc' dir='ltr'><strong><em>νεκροὶ</em></strong></span> <span class='ocrx_word' id='word_1_165' title='bbox 1320 1393 1402 1473; x_wconf 82' lang='grc' dir='ltr'><strong><em>λαμ·</em></strong></span> 
     </span>
     <span class='ocr_line' id='line_1_36' title="bbox 803 1493 1400 1578; baseline 0 -23"><span class='ocrx_word' id='word_1_166' title='bbox 803 1493 946 1574; x_wconf 76' lang='grc' dir='ltr'><strong><em>βόνοιεν,</em></strong></span> <span class='ocrx_word' id='word_1_167' title='bbox 970 1493 1041 1558; x_wconf 75' lang='grc' dir='ltr'><strong><em>οἷον</em></strong></span> <span class='ocrx_word' id='word_1_168' title='bbox 1058 1504 1181 1578; x_wconf 82' lang='grc' dir='ltr'><strong><em>νεκροίς</em></strong></span> <span class='ocrx_word' id='word_1_169' title='bbox 1197 1499 1400 1570; x_wconf 87' lang='grc' dir='ltr'><strong><em>συντίθεται,</em></strong></span> 
     </span>
     <span class='ocr_line' id='line_1_37' title="bbox 803 1596 1007 1681; baseline 0.02 -23"><span class='ocrx_word' id='word_1_170' title='bbox 803 1596 1007 1681; x_wconf 73' lang='grc' dir='ltr'><strong><em>ἀσύμφορον.</em></strong></span> 
     </span>
    </p>

    <p class='ocr_par' dir='ltr' id='par_1_12' title="bbox 805 1699 1404 1890">
     <span class='ocr_line' id='line_1_38' title="bbox 849 1699 1404 1780; baseline -0.002 -16"><span class='ocrx_word' id='word_1_171' title='bbox 849 1702 921 1780; x_wconf 88' lang='grc'>154,</span> <span class='ocrx_word' id='word_1_172' title='bbox 961 1703 1001 1765; x_wconf 90' lang='grc'><strong><em>15</em></strong></span> <span class='ocrx_word' id='word_1_173' title='bbox 1039 1701 1187 1776; x_wconf 88' lang='grc' dir='ltr'><strong><em>διδόντες</em></strong></span> <span class='ocrx_word' id='word_1_174' title='bbox 1226 1702 1266 1765; x_wconf 80' lang='grc' dir='ltr'><strong><em>δέ</em></strong></span> <span class='ocrx_word' id='word_1_175' title='bbox 1307 1725 1339 1763; x_wconf 93' lang='grc' dir='ltr'><strong><em>τι</em></strong></span> <span class='ocrx_word' id='word_1_176' title='bbox 1374 1699 1404 1764; x_wconf 71' lang='grc' dir='ltr'><strong><em>οἱ</em></strong></span> 
     </span>
     <span class='ocr_line' id='line_1_39' title="bbox 805 1803 1403 1890; baseline 0.003 -23"><span class='ocrx_word' id='word_1_177' title='bbox 805 1803 910 1887; x_wconf 79' lang='grc' dir='ltr'><strong><em>νεκροὶ</em></strong></span> <span class='ocrx_word' id='word_1_178' title='bbox 938 1805 991 1866; x_wconf 82' lang='grc' dir='ltr'><strong><em>καὶ</em></strong></span> <span class='ocrx_word' id='word_1_179' title='bbox 1020 1806 1104 1868; x_wconf 84' lang='grc' dir='ltr'><strong><em>οὕτω</em></strong></span> <span class='ocrx_word' id='word_1_180' title='bbox 1138 1809 1285 1890; x_wconf 83' lang='grc' dir='ltr'><strong><em>πονηροί</em></strong></span> <span class='ocrx_word' id='word_1_181' title='bbox 1317 1807 1403 1886; x_wconf 76' lang='grc' dir='ltr'><strong><em>εἰσιν,</em></strong></span> 
     </span>
    </p>
   </div>
   <div class='ocr_carea' id='block_1_9' title="bbox 804 1905 1404 2090">
    <p class='ocr_par' dir='ltr' id='par_1_13' title="bbox 804 1905 1404 2090">
     <span class='ocr_line' id='line_1_40' title="bbox 804 1905 1404 1995; baseline 0.003 -24"><span class='ocrx_word' id='word_1_182' title='bbox 804 1907 833 1967; x_wconf 86' lang='grc' dir='ltr'><strong><em>εί</em></strong></span> <span class='ocrx_word' id='word_1_183' title='bbox 858 1905 901 1988; x_wconf 78' lang='grc' dir='ltr'><strong><em>μὴ</em></strong></span> <span class='ocrx_word' id='word_1_184' title='bbox 929 1909 992 1988; x_wconf 82' lang='grc' dir='ltr'><strong><em>ἄρα</em></strong></span> <span class='ocrx_word' id='word_1_185' title='bbox 1018 1909 1143 1993; x_wconf 86' lang='grc' dir='ltr'><strong><em>τροφὰς</em></strong></span> <span class='ocrx_word' id='word_1_186' title='bbox 1164 1911 1185 1993; x_wconf 80' lang='grc' dir='ltr'><em>ἢ</em></span> <span class='ocrx_word' id='word_1_187' title='bbox 1207 1908 1366 1995; x_wconf 74' lang='grc' dir='ltr'><strong><em>ἀργύριον</em></strong></span> <span class='ocrx_word' id='word_1_188' title='bbox 1387 1908 1404 1992; x_wconf 78' lang='grc' dir='ltr'><em>ἢ</em></span> 
     </span>
     <span class='ocr_line' id='line_1_41' title="bbox 804 2005 1073 2090; baseline 0.03 -21"><span class='ocrx_word' id='word_1_189' title='bbox 804 2005 917 2090; x_wconf 71' lang='grc' dir='ltr'><strong><em>ἱμάτια</em></strong></span> <span class='ocrx_word' id='word_1_190' title='bbox 940 2010 1073 2077; x_wconf 75' lang='grc' dir='ltr'><strong><em>διδοῖεν.</em></strong></span> 
     </span>
    </p>
   </div>
   <div class='ocr_carea' id='block_1_10' title="bbox 803 2217 1404 2714">
    <p class='ocr_par' dir='ltr' id='par_1_14' title="bbox 803 2217 1404 2714">
     <span class='ocr_line' id='line_1_42' title="bbox 849 2217 1404 2304; baseline 0.002 -23"><span class='ocrx_word' id='word_1_191' title='bbox 849 2217 922 2295; x_wconf 88' lang='grc'>228,</span> <span class='ocrx_word' id='word_1_192' title='bbox 948 2218 988 2282; x_wconf 88' lang='grc'><strong><em>16</em></strong></span> <span class='ocrx_word' id='word_1_193' title='bbox 1011 2219 1074 2283; x_wconf 84' lang='grc' dir='ltr'><strong><em>ὅσα</em></strong></span> <span class='ocrx_word' id='word_1_194' title='bbox 1095 2217 1248 2304; x_wconf 82' lang='grc' dir='ltr'><strong><em>τεράστιά</em></strong></span> <span class='ocrx_word' id='word_1_195' title='bbox 1271 2218 1340 2282; x_wconf 77' lang='grc' dir='ltr'><strong><em>ἐστι</em></strong></span> <span class='ocrx_word' id='word_1_196' title='bbox 1354 2219 1404 2281; x_wconf 76' lang='grc' dir='ltr'><strong><em>καί</em></strong></span> 
     </span>
     <span class='ocr_line' id='line_1_43' title="bbox 806 2317 1404 2403; baseline 0.003 -21"><span class='ocrx_word' id='word_1_197' title='bbox 806 2317 959 2401; x_wconf 79' lang='grc' dir='ltr'><strong><em>οὐδαμῶς</em></strong></span> <span class='ocrx_word' id='word_1_198' title='bbox 977 2319 1173 2403; x_wconf 74' lang='grc' dir='ltr'><strong><em>ἐνδεχόμενα</em></strong></span> <span class='ocrx_word' id='word_1_199' title='bbox 1188 2325 1350 2402; x_wconf 77' lang='grc' dir='ltr'><strong><em>γενέσθαι</em></strong></span> <span class='ocrx_word' id='word_1_200' title='bbox 1365 2321 1404 2396; x_wconf 84' lang='grc' dir='ltr'><strong><em>ὠς</em></strong></span> 
     </span>
     <span class='ocr_line' id='line_1_44' title="bbox 803 2421 1403 2511; baseline 0.008 -26"><span class='ocrx_word' id='word_1_201' title='bbox 803 2421 1075 2507; x_wconf 84' lang='grc' dir='ltr'><strong><em>Ἱπποκένταυρος</em></strong></span> <span class='ocrx_word' id='word_1_202' title='bbox 1086 2425 1140 2487; x_wconf 78' lang='grc' dir='ltr'><strong><em>καί</em></strong></span> <span class='ocrx_word' id='word_1_203' title='bbox 1155 2423 1302 2501; x_wconf 79' lang='grc' dir='ltr'><strong><em>Σκύλλα,</em></strong></span> <span class='ocrx_word' id='word_1_204' title='bbox 1320 2437 1403 2511; x_wconf 83' lang='grc' dir='ltr'><strong><em>ψευ-</em></strong></span> 
     </span>
     <span class='ocr_line' id='line_1_45' title="bbox 806 2524 1403 2613; baseline 0.008 -26"><span class='ocrx_word' id='word_1_205' title='bbox 806 2524 871 2600; x_wconf 83' lang='grc' dir='ltr'><strong><em>όείς</em></strong></span> <span class='ocrx_word' id='word_1_206' title='bbox 894 2529 951 2600; x_wconf 87' lang='grc' dir='ltr'><strong><em>τὰς</em></strong></span> <span class='ocrx_word' id='word_1_207' title='bbox 967 2527 1169 2611; x_wconf 88' lang='grc' dir='ltr'><strong><em>προσδοκίας</em></strong></span> <span class='ocrx_word' id='word_1_208' title='bbox 1185 2526 1325 2591; x_wconf 82' lang='grc' dir='ltr'><strong><em>ἔσεσθαι</em></strong></span> <span class='ocrx_word' id='word_1_209' title='bbox 1347 2547 1403 2613; x_wconf 88' lang='grc' dir='ltr'><strong><em>ση-</em></strong></span> 
     </span>
     <span class='ocr_line' id='line_1_46' title="bbox 805 2631 1209 2714; baseline 0.017 -25"><span class='ocrx_word' id='word_1_210' title='bbox 805 2631 911 2709; x_wconf 87' lang='grc' dir='ltr'><strong><em>μαίνει</em></strong></span> <span class='ocrx_word' id='word_1_211' title='bbox 934 2631 1073 2711; x_wconf 80' lang='lat'><strong>(=147‚</strong></span> <span class='ocrx_word' id='word_1_212' title='bbox 1097 2631 1140 2694; x_wconf 88' lang='grc'><strong><em>24</em></strong></span> <span class='ocrx_word' id='word_1_213' title='bbox 1150 2631 1209 2714; x_wconf 88' lang='lat' dir='ltr'>ff.).</span> 
     </span>
    </p>
   </div>
   <div class='ocr_carea' id='block_1_11' title="bbox 804 3043 1404 3440">
    <p class='ocr_par' dir='ltr' id='par_1_15' title="bbox 804 3043 1404 3332">
     <span class='ocr_line' id='line_1_47' title="bbox 848 3043 1404 3125; baseline 0.002 -19"><span class='ocrx_word' id='word_1_214' title='bbox 848 3044 902 3117; x_wconf 87' lang='grc'><strong><em>63,</em></strong></span> <span class='ocrx_word' id='word_1_215' title='bbox 929 3043 969 3106; x_wconf 92' lang='grc'>16</span> <span class='ocrx_word' id='word_1_216' title='bbox 997 3050 1096 3125; x_wconf 83' lang='grc' dir='ltr'><strong><em>κρεῶν</em></strong></span> <span class='ocrx_word' id='word_1_217' title='bbox 1123 3044 1165 3105; x_wconf 87' lang='grc' dir='ltr'><strong><em>τὰ</em></strong></span> <span class='ocrx_word' id='word_1_218' title='bbox 1189 3044 1254 3124; x_wconf 78' lang='grc' dir='ltr'><strong><em>μὲν</em></strong></span> <span class='ocrx_word' id='word_1_219' title='bbox 1278 3046 1340 3108; x_wconf 86' lang='grc' dir='ltr'><strong><em>ὅσα</em></strong></span> <span class='ocrx_word' id='word_1_220' title='bbox 1361 3067 1404 3118; x_wconf 85' lang='grc' dir='ltr'><strong><em>τις</em></strong></span> 
     </span>
     <span class='ocr_line' id='line_1_48' title="bbox 804 3143 1403 3235; baseline 0.01 -29"><span class='ocrx_word' id='word_1_221' title='bbox 804 3143 908 3208; x_wconf 74' lang='grc' dir='ltr'><strong><em>ἐσθίει</em></strong></span> <span class='ocrx_word' id='word_1_222' title='bbox 930 3145 984 3208; x_wconf 83' lang='grc' dir='ltr'><strong><em>καλ</em></strong></span> <span class='ocrx_word' id='word_1_223' title='bbox 1006 3156 1105 3222; x_wconf 78' lang='grc' dir='ltr'><strong><em>ποιεί,</em></strong></span> <span class='ocrx_word' id='word_1_224' title='bbox 1128 3146 1251 3224; x_wconf 73' lang='grc' dir='ltr'><strong><em>ἀγαθὰ</em></strong></span> <span class='ocrx_word' id='word_1_225' title='bbox 1276 3149 1403 3235; x_wconf 77' lang='grc' dir='ltr'><strong><em>τετήρη-</em></strong></span> 
     </span>
     <span class='ocr_line' id='line_1_49' title="bbox 804 3249 1115 3332; baseline 0.003 -22"><span class='ocrx_word' id='word_1_226' title='bbox 804 3272 858 3310; x_wconf 85' lang='grc' dir='ltr'><strong><em>ται</em></strong></span> <span class='ocrx_word' id='word_1_227' title='bbox 881 3249 966 3332; x_wconf 81' lang='grc' dir='ltr'><strong><em>πλὴν</em></strong></span> <span class='ocrx_word' id='word_1_228' title='bbox 989 3249 1115 3327; x_wconf 75' lang='grc' dir='ltr'><strong><em>ὀλίγων.</em></strong></span> 
     </span>
    </p>

    <p class='ocr_par' dir='ltr' id='par_1_16' title="bbox 848 3352 1404 3440">
     <span class='ocr_line' id='line_1_50' title="bbox 848 3352 1404 3440; baseline 0.007 -26"><span class='ocrx_word' id='word_1_229' title='bbox 848 3352 900 3428; x_wconf 81' lang='lat'><strong><em>59,</em></strong></span> <span class='ocrx_word' id='word_1_230' title='bbox 930 3352 971 3416; x_wconf 86' lang='grc'><strong><em>23</em></strong></span> <span class='ocrx_word' id='word_1_231' title='bbox 999 3355 1108 3416; x_wconf 86' lang='grc' dir='ltr'><strong><em>πίνειν</em></strong></span> <span class='ocrx_word' id='word_1_232' title='bbox 1145 3352 1236 3437; x_wconf 80' lang='grc' dir='ltr'><strong><em>ὕδωρ</em></strong></span> <span class='ocrx_word' id='word_1_233' title='bbox 1275 3355 1404 3440; x_wconf 83' lang='grc' dir='ltr'><strong><em>ψυχρόν</em></strong></span> 
     </span>
    </p>
   </div>
   <div class='ocr_carea' id='block_1_12' title="bbox 803 3447 1404 4168">
    <p class='ocr_par' dir='ltr' id='par_1_17' title="bbox 803 3447 1404 4168">
     <span class='ocr_line' id='line_1_51' title="bbox 805 3447 1404 3537; baseline 0.012 -22"><span class='ocrx_word' id='word_1_234' title='bbox 805 3447 942 3531; x_wconf 74' lang='grc' dir='ltr'><strong><em>όγαθόν</em></strong></span> <span class='ocrx_word' id='word_1_235' title='bbox 957 3455 1039 3518; x_wconf 83' lang='grc' dir='ltr'><strong><em>πᾶσι</em></strong></span> <span class='ocrx_word' id='word_1_236' title='bbox 1054 3455 1130 3537; x_wconf 83' lang='lat' dir='ltr'><strong>(vgl.</strong></span> <span class='ocrx_word' id='word_1_237' title='bbox 1156 3458 1231 3533; x_wconf 87' lang='grc'>124,</span> <span class='ocrx_word' id='word_1_238' title='bbox 1251 3461 1293 3523; x_wconf 94' lang='grc'>10</span> <span class='ocrx_word' id='word_1_239' title='bbox 1310 3458 1404 3524; x_wconf 74' lang='grc' dir='ltr'><strong><em>οὐδὲν</em></strong></span> 
     </span>
     <span class='ocr_line' id='line_1_52' title="bbox 805 3555 1365 3645; baseline 0.02 -28"><span class='ocrx_word' id='word_1_240' title='bbox 805 3555 866 3636; x_wconf 77' lang='grc' dir='ltr'><strong><em>γὰρ</em></strong></span> <span class='ocrx_word' id='word_1_241' title='bbox 890 3558 974 3620; x_wconf 82' lang='grc' dir='ltr'><strong><em>οὕτω</em></strong></span> <span class='ocrx_word' id='word_1_242' title='bbox 996 3559 1158 3642; x_wconf 82' lang='grc' dir='ltr'><strong><em>τρόφιμον</em></strong></span> <span class='ocrx_word' id='word_1_243' title='bbox 1180 3557 1226 3634; x_wconf 76' lang='grc' dir='ltr'><strong><em>ὥς</em></strong></span> <span class='ocrx_word' id='word_1_244' title='bbox 1250 3561 1365 3645; x_wconf 82' lang='grc' dir='ltr'><strong><em>ὕδωρ).</em></strong></span> 
     </span>
     <span class='ocr_line' id='line_1_53' title="bbox 849 3662 1403 3743; baseline 0.004 -17"><span class='ocrx_word' id='word_1_245' title='bbox 849 3663 901 3741; x_wconf 82' lang='grc'><strong><em>63,</em></strong></span> <span class='ocrx_word' id='word_1_246' title='bbox 929 3664 949 3727; x_wconf 87' lang='grc'>9</span> <span class='ocrx_word' id='word_1_247' title='bbox 983 3662 1099 3743; x_wconf 81' lang='grc' dir='ltr'><strong><em>ἄρτους</em></strong></span> <span class='ocrx_word' id='word_1_248' title='bbox 1133 3663 1247 3728; x_wconf 83' lang='grc' dir='ltr'><strong><em>δοκεῖν</em></strong></span> <span class='ocrx_word' id='word_1_249' title='bbox 1284 3665 1403 3729; x_wconf 76' lang='grc' dir='ltr'><strong><em>ἐσθίειν</em></strong></span> 
     </span>
     <span class='ocr_line' id='line_1_54' title="bbox 805 3765 1402 3855; baseline 0.013 -28"><span class='ocrx_word' id='word_1_250' title='bbox 805 3766 895 3839; x_wconf 81' lang='grc' dir='ltr'><strong><em>τοὺς</em></strong></span> <span class='ocrx_word' id='word_1_251' title='bbox 918 3766 958 3840; x_wconf 81' lang='grc' dir='ltr'><strong><em>ἐξ</em></strong></span> <span class='ocrx_word' id='word_1_252' title='bbox 995 3765 1115 3840; x_wconf 83' lang='grc' dir='ltr'><strong><em>ἔθους</em></strong></span> <span class='ocrx_word' id='word_1_253' title='bbox 1152 3765 1292 3846; x_wconf 73' lang='grc' dir='ltr'><strong><em>ἀγαθόν</em></strong></span> <span class='ocrx_word' id='word_1_254' title='bbox 1332 3771 1402 3855; x_wconf 81' lang='lat' dir='ltr'><strong>(vgl.</strong></span> 
     </span>
     <span class='ocr_line' id='line_1_55' title="bbox 805 3868 1400 3957; baseline 0.012 -25"><span class='ocrx_word' id='word_1_255' title='bbox 805 3870 857 3947; x_wconf 87' lang='grc'><strong><em>65,</em></strong></span> <span class='ocrx_word' id='word_1_256' title='bbox 883 3871 923 3933; x_wconf 88' lang='grc'>12</span> <span class='ocrx_word' id='word_1_257' title='bbox 952 3869 1154 3943; x_wconf 84' lang='grc' dir='ltr'><strong><em>πλακοῦντες</em></strong></span> <span class='ocrx_word' id='word_1_258' title='bbox 1171 3868 1217 3934; x_wconf 48' lang='grc' dir='ltr'><strong><em>,οἱ</em></strong></span> <span class='ocrx_word' id='word_1_259' title='bbox 1246 3873 1291 3957; x_wconf 81' lang='grc' dir='ltr'><strong><em>μη</em></strong></span> <span class='ocrx_word' id='word_1_260' title='bbox 1306 3897 1400 3938; x_wconf 79' lang='grc' dir='ltr'><strong><em>τετυ-</em></strong></span> 
     </span>
     <span class='ocr_line' id='line_1_56' title="bbox 804 3971 1399 4064; baseline 0.018 -31"><span class='ocrx_word' id='word_1_261' title='bbox 804 3976 942 4054; x_wconf 85' lang='grc' dir='ltr'><strong><em>ρωμένοι</em></strong></span> <span class='ocrx_word' id='word_1_262' title='bbox 968 3971 1106 4051; x_wconf 78' lang='grc' dir='ltr'><strong><em>ἆγαθοί,</em></strong></span> <span class='ocrx_word' id='word_1_263' title='bbox 1135 3972 1168 4037; x_wconf 79' lang='grc' dir='ltr'><strong><em>οἳ</em></strong></span> <span class='ocrx_word' id='word_1_264' title='bbox 1198 3975 1238 4040; x_wconf 80' lang='grc' dir='ltr'><strong><em>δὲ</em></strong></span> <span class='ocrx_word' id='word_1_265' title='bbox 1266 4001 1399 4064; x_wconf 79' lang='grc' dir='ltr'><strong><em>τετυρα-</em></strong></span> 
     </span>
     <span class='ocr_line' id='line_1_57' title="bbox 803 4075 1400 4168; baseline 0.012 -31"><span class='ocrx_word' id='word_1_266' title='bbox 803 4079 896 4158; x_wconf 84' lang='grc' dir='ltr'><strong><em>μένοι</em></strong></span> <span class='ocrx_word' id='word_1_267' title='bbox 919 4075 1038 4150; x_wconf 83' lang='grc' dir='ltr'><strong><em>δόλους</em></strong></span> <span class='ocrx_word' id='word_1_268' title='bbox 1059 4079 1111 4138; x_wconf 75' lang='grc' dir='ltr'><strong><em>καί</em></strong></span> <span class='ocrx_word' id='word_1_269' title='bbox 1131 4077 1271 4163; x_wconf 73' lang='grc' dir='ltr'><strong><em>ἐνέδρας</em></strong></span> <span class='ocrx_word' id='word_1_270' title='bbox 1287 4086 1400 4168; x_wconf 86' lang='grc' dir='ltr'><strong><em>σημαί-</em></strong></span> 
     </span>
    </p>
   </div>
   <div class='ocr_carea' id='block_1_13' title="bbox 248 4220 1404 4305">
    <p class='ocr_par' dir='ltr' id='par_1_18' title="bbox 248 4220 1404 4305">
     <span class='ocr_line' id='line_1_58' title="bbox 248 4220 1404 4305; baseline 0.009 -27"><span class='ocrx_word' id='word_1_271' title='bbox 248 4228 267 4296; x_wconf 85' lang='grc'><strong><em>1)</em></strong></span> <span class='ocrx_word' id='word_1_272' title='bbox 287 4247 315 4279; x_wconf 86' lang='grc' dir='ltr'><strong><em>π.</em></strong></span> <span class='ocrx_word' id='word_1_273' title='bbox 328 4231 397 4296; x_wconf 80' lang='grc' dir='ltr'><strong><em>ἱερῆς</em></strong></span> <span class='ocrx_word' id='word_1_274' title='bbox 416 4229 510 4281; x_wconf 84' lang='grc' dir='ltr'><strong><em>νοόσον</em></strong></span> <span class='ocrx_word' id='word_1_275' title='bbox 528 4232 581 4284; x_wconf 84' lang='lat' dir='ltr'><strong><em>e.l</em></strong></span> <span class='ocrx_word' id='word_1_276' title='bbox 602 4229 634 4283; x_wconf 88' lang='lat' dir='ltr'><strong><em>L.</em></strong></span> <span class='ocrx_word' id='word_1_277' title='bbox 648 4230 688 4283; x_wconf 87' lang='lat' dir='ltr'><strong><em>VI</em></strong></span> <span class='ocrx_word' id='word_1_278' title='bbox 707 4229 734 4284; x_wconf 86' lang='lat' dir='ltr'><strong><em>S.</em></strong></span> <span class='ocrx_word' id='word_1_279' title='bbox 748 4231 798 4284; x_wconf 81' lang='lat'><strong><em>356</em></strong></span> <span class='ocrx_word' id='word_1_280' title='bbox 818 4230 926 4299; x_wconf 76' lang='grc' dir='ltr'><strong><em>ἱμάτιον</em></strong></span> <span class='ocrx_word' id='word_1_281' title='bbox 939 4230 969 4282; x_wconf 68' lang='grc' dir='ltr'><strong><em>δι’</em></strong></span> <span class='ocrx_word' id='word_1_282' title='bbox 986 4220 1075 4300; x_wconf 52' lang='grc' dir='ltr'><strong><em>μέλανῥ</em></strong></span> <span class='ocrx_word' id='word_1_283' title='bbox 1090 4220 1127 4298; x_wconf 75' lang='grc' dir='ltr'><strong><em>μὴ</em></strong></span> <span class='ocrx_word' id='word_1_284' title='bbox 1145 4221 1231 4302; x_wconf 51' lang='grc' dir='ltr'><strong><em>’ἔχειν’</em></strong></span> <span class='ocrx_word' id='word_1_285' title='bbox 1240 4237 1404 4305; x_wconf 83' lang='grc' dir='ltr'><strong><em>(θανατῶδες</em></strong></span> 
     </span>
    </p>
   </div>
   <div class='ocr_carea' id='block_1_14' title="bbox 158 4315 384 4382">
    <p class='ocr_par' dir='ltr' id='par_1_19' title="bbox 158 4315 384 4382">
     <span class='ocr_line' id='line_1_59' title="bbox 158 4315 384 4382; baseline 0.022 -20"><span class='ocrx_word' id='word_1_286' title='bbox 158 4315 213 4382; x_wconf 77' lang='grc' dir='ltr'><strong><em>γὰρ</em></strong></span> <span class='ocrx_word' id='word_1_287' title='bbox 232 4317 259 4365; x_wconf 78' lang='grc' dir='ltr'><strong><em>τὸ</em></strong></span> <span class='ocrx_word' id='word_1_288' title='bbox 277 4315 384 4382; x_wconf 78' lang='grc' dir='ltr'><strong><em>μέλειν).</em></strong></span> 
     </span>
    </p>
   </div>
   <div class='ocr_carea' id='block_1_15' title="bbox 0 0 1569 4928">
    <p class='ocr_par' dir='ltr' id='par_1_20' title="bbox 0 0 1569 4928">
     <span class='ocr_line' id='line_1_60' title="bbox 0 0 1569 4928; baseline 0 0"><span class='ocrx_word' id='word_1_289' title='bbox 0 0 1569 4928; x_wconf 95' lang='lat' dir='ltr'><strong><em> </em></strong></span> 
     </span>
    </p>
   </div>
  </div>
 </body>
</html>
