3120 4928
666 402 900 468 -195-

157 589 290 676 ψυχρὸν
312 590 366 653 καὶ
385 589 563 672 μαλθακὸν
578 593 720 674 γένηται·
738 585 756 675 ή
810 592 865 654 καὶ
880 591 1000 675 ἄκρητα
1015 591 1069 652 καὶ
1084 589 1160 664 τοὺς
1175 591 1303 677 ἄρτους,
1319 592 1405 677 πλήν

157 693 220 778 γάρ
247 694 311 777 ὥρη
338 692 445 778 θερμή
472 716 506 755 τε
527 696 581 757 καί
603 695 680 779 ξηρή
703 696 756 757 καὶ
809 696 889 755 εἴτι
912 692 1046 776 σμικρὸν
1067 693 1186 778 ήδονής
1206 695 1309 780 ήντκα.
1348 696 1406 761 τὸν

158 798 336 880 παρέχεται
358 795 399 858 τὰ
421 796 556 878 σώματα
582 797 754 880 καοματώ-
808 795 964 878 ἐχόμενον
992 796 1028 859 δὲ
1055 796 1175 882 χρόνον
1208 799 1404 885 διαιτήσεται

158 901 218 965 δεοι
240 901 295 961 καὶ
317 899 482 983 αδχμηρά·
507 899 559 962 δεῖ
579 887 639 963 aiv
653 909 756 965 τοῖσιν
808 910 891 963 τοῖσι
913 899 1115 981 μαλθακοϊσι
1137 903 1191 964 καὶ
1210 901 1336 987 δγροῒσι
1350 905 1404 966 καὶ

156 1001 754 1087 δπιτηδεδμασιτούτοισινἀλέξασθαι.
808 1013 994 1088 ψυκτικοϊσι
1021 1049 1403 1071 ............

157 1107 242 1170 κατά
265 1108 324 1172 τδν
345 1103 447 1170 αὐτὸν
470 1105 570 1186 λόγον
593 1108 700 1190 ὥσπερ
723 1106 755 1181 ἐς

157 1209 194 1274 τὸ
218 1209 275 1295 ἔαρ
297 1209 332 1273 ἐκ
353 1216 414 1275 τοῦ
432 1211 589 1292 χειμῶνος
604 1213 708 1285 οὕτως
723 1210 756 1285 ἐς

156 1313 194 1378 τὸ
219 1316 320 1396 θέρος
342 1313 583 1389 καταστήσεται,
610 1318 675 1377 τῶν
696 1313 756 1394 μὲν

157 1419 268 1480 σιτίων
300 1415 477 1502 άφαιρίαν,
512 1417 556 1502 τῷ
593 1415 630 1480 δὲ
663 1417 755 1501 ποτῷ

156 1523 364 1604 προστιθείς·
380 1523 464 1586 οὕτω
482 1520 585 1584 δὲκαὶ
601 1521 642 1582 τὰ
655 1519 753 1583 ἐναν-

155 1627 211 1686 τία
233 1627 391 1688 ποιέοντα
417 1622 614 1706 καταστῆσαι
639 1621 674 1685 ἐκ
695 1623 755 1685 τοῦ
851 1625 924 1705 604,
946 1625 966 1689 3
989 1621 1058 1686 άπὸ
1088 1622 1125 1685 δὲ
1154 1623 1314 1707 ἰσημερίης
1342 1614 1403 1688 ὧδε

156 1729 285 1812 θέρεος,
299 1727 331 1800 δς
356 1727 417 1791 τὸν
449 1732 600 1808 χειμῶνα.
648 1725 683 1790 ἐν
717 1727 754 1790 δὲ
806 1728 865 1813 χρή
879 1727 1083 1811 διαιτήοθαι,
1096 1725 1307 1808 προσάγοντα
1318 1728 1403 1810 πρὸς

156 1832 201 1914 τῷ
235 1831 443 1916 φθινοπώρῳ
481 1829 582 1894 πάλιν
618 1830 660 1893 τὰ
695 1832 753 1912 μὲν
806 1832 866 1917 τήν
898 1830 1041 1912 χειμῶνα
1074 1827 1109 1893 ἕν
1142 1836 1186 1913 τῷ
1219 1830 1401 1912 φθινοπώ-

156 1935 244 1996 σιτία
258 1933 361 1997 πλέον
376 1932 642 2013 ποιούμενοικαὶ
655 1933 751 2018 ξηρό-
806 1957 852 2020 ρῳ
881 1980 1038 2001 .....
1066 1935 1209 2016 χρῆσθαι
1232 1979 1401 1998 ......

155 2058 234 2120 τερα
256 2037 311 2098 καὶ
332 2035 378 2099 τά
396 2036 470 2120 ὄψα
488 2037 572 2100 κατὰ
586 2036 696 2115 λόγον,
713 2038 754 2101 τὰ
805 2049 889 2102 τοῖσι
927 2040 1056 2101 σιτίοισι
1089 2038 1316 2121 θερμοτέροισι
1348 2039 1403 2100 καὶ

156 2138 194 2202 δὲ
216 2139 307 2202 ποτὰ
321 2137 444 2203 ἐλάσσω
459 2141 512 2203 καὶ
528 2140 752 2226 άκρητέστερα,
804 2133 905 2227 ἧσσον
927 2139 1053 2225 δγροίσι
1076 2141 1129 2202 καί
1150 2143 1327 2224 καθαροῖσι
1348 2143 1403 2204 καὶ

157 2242 262 2317 ὅπως,
287 2244 339 2306 ὅτε
353 2242 474 2324 χειμών
488 2242 589 2320 ἔσται,
613 2247 752 2329 δνθρω-
804 2254 888 2308 τοῖσι
913 2243 1040 2326 πόμασι
1067 2242 1289 2328 μελαντέροισι
1315 2245 1401 2325 μαλ-

156 2367 222 2419 πος
238 2344 449 2430 διαχρήσηται
460 2351 544 2410 τοῖσί
557 2370 592 2410 τε
606 2346 754 2429 πόμασιν
804 2349 941 2410 θακοϊσι
964 2345 1000 2409 δὲ
1023 2348 1076 2408 καὶ
1091 2346 1134 2429 μή
1149 2345 1295 2429 δδαρέσι,
1318 2351 1402 2411 τοῖσί

155 2447 419 2532 άκρητεστάτοισι
445 2451 498 2513 καί
532 2450 671 2530 ὀλίγοισι
699 2453 753 2514 καὶ
804 2473 839 2512 τι
867 2447 1038 2529 λαχάνοισι
1060 2453 1211 2534 ξηροῦσιν
1232 2440 1332 2533 ἧσσόν
1353 2474 1399 2526 τε,

154 2562 240 2616 τοῖσι
268 2557 417 2616 σιτίοισιν
443 2551 487 2627 ὡς
516 2553 697 2618 πλείστοισί
718 2578 753 2618 τε
804 2559 843 2638 τῇ
854 2575 887 2614 τε
902 2551 982 2635 άλλη
999 2551 1105 2640 διαίτη
1120 2551 1295 2636 προσάγειν
1311 2553 1401 2639 πάση

154 2657 211 2719 καὶ
238 2655 474 2740 ξηροτάτοισιν·
509 2657 595 2723 οὕτω
622 2657 683 2742 γὰρ
711 2661 753 2721 ἂν
805 2655 918 2720 τῶνδὲ
932 2658 1075 2740 θερινῶν
1089 2656 1301 2741 άφαιρέοντα,
1317 2668 1401 2722 τοῖσι

154 2760 210 2822 καὶ
237 2758 379 2838 δγιαίνοι
405 2760 544 2840 μάλιστα
570 2762 624 2822 καὶ
655 2759 753 2846 ῥιγῴη
807 2758 843 2822 δὲ
876 2770 1082 2842 χειμερινοίσι
1116 2762 1259 2845 χρῆσθαι
1292 2760 1335 2845 μή
1368 2760 1400 2834 ἐς
1518 2829 1519 2832 ¹

153 2863 283 2946 η’κιστα·
319 2861 339 2948 ή
376 2864 438 2947 γὰρ
475 2864 540 2950 ὥρη
576 2863 688 2948 ψυχρή
720 2886 753 2926 τι
805 2862 914 2947 ἄκρον,
937 2864 1029 2936 ὅπως
1048 2860 1237 2945 καταστήσει
1251 2860 1296 2936 οἱς
1311 2860 1399 2943 ἔγγι-

154 2966 211 3028 καὶ
232 2965 324 3051 ὑγρή.
806 2986 866 3028 στα
893 2966 948 3051 τῆς
976 2973 1152 3050 χειμερινῆς
1171 2965 1297 3049 διαίτης
1316 3013 1323 3028 .
1341 3017 1348 3030 .
1366 3012 1399 3028 ..

244 3070 340 3136 Diese
369 3069 605 3150 Vergleichung
637 3071 678 3134 ist
713 3071 872 3135 lehrreich
906 3070 960 3135 fiir
991 3072 1044 3135 die
1076 3071 1308 3135 Arbeitsweise
1342 3071 1400 3133 des

155 3173 387 3256 Compilators.
426 3173 469 3238 Er
492 3164 609 3238 nimmt
632 3175 691 3238 das
716 3173 853 3238 Fremde
875 3174 964 3238 nicht
987 3194 1069 3254 ganz
1084 3173 1232 3239 w6rtlich
1249 3173 1399 3248 herfiber‚

155 3278 301 3343 sondern
328 3280 421 3341 nutzt
448 3296 483 3341 es
512 3277 580 3341 und
611 3277 834 3342 ›verbessert‹
865 3297 900 3341 es
928 3278 1030 3342 durch
1053 3279 1143 3341 seine
1166 3277 1315 3341 Zusfflze.
1361 3277 1400 3340 In

155 3382 263 3446 dieser
292 3379 402 3446 Weise
428 3380 487 3445 hat
518 3401 552 3445 er
579 3381 665 3446 auch
693 3382 883 3446 Archelaos'
914 3382 1006 3447 Buch
1034 3381 1223 3462 gebraucht.
1278 3380 1313 3442 ln
1342 3379 1401 3442 der

156 3485 296 3566 Vorlage
318 3487 361 3549 ist
383 3505 446 3549 nur
468 3505 533 3549 von
558 3485 672 3566 Speise
695 3485 763 3551 und
787 3485 898 3550 'Frank
921 3486 973 3549 die
996 3485 1104 3561 Rede3
1129 3505 1164 3548 er
1183 3484 1292 3548 aehtet
1315 3484 1400 3547 auch

154 3588 216 3653 auf
241 3589 311 3653 ein·
341 3589 421 3652 oder
449 3589 665 3668 zweimaliges
689 3589 802 3667 Essem
831 3591 891 3654 auf
911 3589 1024 3654 Schlaf
1050 3588 1118 3653 und
1143 3585 1314 3664 Beischlaf‚
1342 3585 1403 3651 auf

154 3693 268 3756 Baden
293 3691 361 3756 und
385 3691 506 3757 Salben
529 3692 598 3756 und
620 3692 800 3756 besonders
824 3693 883 3756 auf
903 3692 1107 3775 k6rperliche
1126 3692 1308 3772 Uebungen
1332 3691 1399 3754 und

154 3795 354 3861 Erbrechen.
405 3796 469 3860 Der
501 3795 607 3860 Inhalt
643 3796 750 3860 dieser
783 3796 1021 3861 erweiternden
1055 3796 1192 3860 Zusfflze
1219 3793 1399 3876 entspricht

154 3918 266 3981 genau
281 3901 344 3964 den
360 3899 512 3982 Kapiteln
528 3899 656 3964 39-66
672 3900 748 3982 (vgl.
765 3900 797 3964 S.
811 3899 897 3983 205).
929 3900 1053 3963 Ferner
1068 3900 1154 3964 zieht
1170 3918 1206 3964 er
1217 3897 1399 3962 Parallelen

153 4002 318 4068 zwischen
334 4003 410 4067 dem
423 4003 614 4068 Menschen·
628 4003 697 4068 und
709 4004 785 4068 dem
798 4004 1050 4068 Pflanzenleben
1067 4004 1114 4086 (S.
1126 4003 1201 4080 598,
1216 4005 1251 4077 23
1268 4003 1342 4079 600,
1355 4003 1399 4083 5).

242 4107 316 4172 Wie
342 4108 385 4172 im
415 4107 640 4188 Hochgebirge
669 4109 720 4172 ein
749 4108 851 4183 Smin,
883 4107 940 4171 der
967 4127 1031 4171 von
1056 4109 1161 4172 einem
1186 4107 1290 4188 Gipfel
1314 4106 1399 4182 τοΙΙῒ,

152 4212 285 4280 δαίουσα
308 4213 374 4276 mit·
390 4211 457 4276 sich
480 4211 576 4276 reisst
598 4211 666 4276 und
689 4211 737 4276 als
761 4211 930 4293 gewaltige
946 4211 1077 4275 Lawine
1100 4230 1139 4274 zu
1156 4210 1239 4274 Thal
1262 4209 1400 4286 kommt,

152 4337 194 4383 so
218 4316 260 4380 ist
284 4316 343 4379 das
367 4318 453 4379 erste
476 4313 604 4396 Kapitel
628 4335 691 4381 von
721 4316 796 4398 περὶ
820 4313 945 4397 διαίτης
968 4312 1104 4397 ὑγιεινῆς
1127 4314 1185 4378 der
1208 4314 1399 4394 Ausgangs-

1140 4434 1193 4486 13·
