3120 4928
660 422 897 485 -170-

153 631 181 675 z.
200 610 236 674 B.
260 610 344 674 auch
368 609 449 673 herb
473 609 554 673 oder
576 608 652 673 fade
676 611 756 684 sein,
780 609 860 674 oder
880 612 1067 690 Stbrungen
1090 612 1150 675 mit
1172 611 1244 676 sich
1268 611 1404 693 bringen

155 713 278 789 kenne3
308 710 374 774 ἔστι
400 711 474 794 γάρ,
505 733 543 777 so
572 713 698 777 schiebt
727 733 762 777 er
790 715 853 791 ein,
883 715 937 775 καὶ
963 713 1048 776 ἄλλα·
1076 713 1189 777 πολλὰ
1214 715 1330 796 θερμὰ
1354 717 1403 778 καὶ

152 816 255 890 ἄλλος
282 814 406 888 πολλὰς
436 815 598 897 δυνάμιας
625 813 743 896 ἔχοντα
770 814 882 890 αὐτοῖς
904 815 1103 892 δπεναντίας
1124 818 1195 883 und
1219 820 1331 884 citiert
1352 820 1407 884 auf

152 921 245 985 diese
268 921 378 984 Weise
405 921 464 984 1τεί
491 921 543 984 die
574 921 660 984 oben
684 920 1001 1000 ausgeschriebenen
1025 921 1155 986 Worte:
1189 920 1347 996 ῶσαὸτως
1372 923 1404 987 δὲ

152 1025 209 1086 καὶ
235 1025 459 1106 δερμαντικῶν
480 1025 535 1084 καὶ
556 1026 622 1086 τῶν
642 1022 751 1086 ἄλλων
772 1021 932 1086 ἁπάντων
951 1023 1053 1108 ἄλλην
1067 1023 1152 1088 ἄλλα
1168 1023 1317 1107 δύναμιν
1331 1023 1402 1106 ἔχει,

155 1148 212 1192 urn
241 1129 362 1192 danaus
391 1147 457 1191 von
486 1147 605 1192 neuem
634 1128 697 1192 den
726 1127 860 1193 Schluss
889 1147 929 1192 zu
957 1129 1082 1204 ziehen‚
1116 1129 1196 1192 dass
1223 1130 1319 1194 nicht
1347 1131 1402 1195 das

155 1230 290 1295 Warme
312 1231 381 1295 und
397 1230 502 1306 Kaste,
525 1231 670 1295 sondern
690 1230 768 1312 jene
791 1231 1005 1311 angeblichen
1029 1232 1401 1313 Neneneigenschanen,

152 1336 203 1399 als
232 1335 334 1411 Sane,
369 1335 421 1398 die
455 1334 523 1397 sich
551 1335 634 1399 nach
664 1334 738 1398 denr
770 1334 992 1399 Gesehmacke
1019 1336 1186 1414 schemen,
1216 1337 1403 1417 allmichtig

153 1439 261 1502 seien:
285 1437 324 1501 οὐ
346 1437 408 1520 γὰρ
430 1435 467 1500 τά
491 1435 620 1517 θερμόν
642 1436 729 1500 ἐστιν
750 1436 787 1500 τὸ
810 1436 869 1522 τὴν
889 1437 1033 1522 μεγάλην
1048 1437 1193 1520 δυ’ναμιν
1208 1438 1300 1520 ἔχον,
1323 1439 1402 1502 ἄλλα

155 1541 192 1605 τὸ
217 1540 385 1625 στρυφνὸν
406 1542 459 1603 καὶ
482 1540 656 1620 πλαδαρὸν
678 1542 732 1602 ιιαὸ
754 1540 857 1604 τᾶλλα
879 1544 941 1604 ὅσα
963 1564 1020 1624 μοι
1042 1544 1163 1624 εἴρηται
1186 1545 1233 1624 (in
1257 1565 1286 1610 c.
1304 1545 1346 1608 14
1360 1542 1402 1606 ἔνι

152 1646 216 1729 γάρ
245 1645 281 1709 ἐν
307 1644 479 1728 ἀνθρώπῳ
508 1645 562 1706 καὶ
589 1643 738 1726 άλμυρδν
765 1646 819 1707 nai
847 1645 967 1730 πιιιρδν
989 1646 1043 1708 καὶ
1065 1645 1166 1724 γλυκὺ
1189 1652 1246 1709 καὶ
1269 1647 1333 1722 δξύ
1353 1649 1402 1709 καὶ

153 1748 323 1833 στρυφνὸν
345 1751 399 1810 καὶ
423 1746 598 1828 πλαδαρὸν
620 1749 674 1809 καὶ
698 1747 782 1811 ἄλλα
804 1747 905 1832 μύρια
927 1752 1088 1822 παντοίας
1112 1748 1276 1831 δυνάμιας
1290 1749 1402 1831 ἔχοντα

155 1853 292 1937 πλῆθός
318 1877 351 1915 τε
376 1854 430 1915 καὶ
453 1851 600 1935 ἰσχύν).1)
646 1852 816 1916 Praktisch
839 1853 928 1917 seien
952 1845 1005 1916 die
1027 1853 1291 1934 Ausffihrungen
1310 1854 1402 1936 jener

156 1961 273 2023 Aerzte
308 1958 390 2022 fiber
423 1957 475 2021 die
505 1957 787 2036 Nahrungsmittel
821 1956 1068 2033 unbrauchbar;
1104 1958 1193 2021 denn
1228 1978 1330 2022 wenn
1359 1959 1402 2022 sie

153 2067 258 2125 etwas
276 2062 424 2124 Warmes
447 2060 677 2140 verordneten,
702 2061 810 2123 werde
836 2061 894 2124 der
914 2060 1046 2124 Kranke
1068 2060 1128 2123 mit
1143 2059 1253 2125 Reeht
1276 2062 1401 2142 fragen:

157 2165 359 2228 »welches?‹
388 2166 427 2246 (e.
458 2165 521 2245 15).
572 2163 645 2227 Und
674 2183 769 2227 wenn
797 2164 844 2227 sie
872 2183 898 2232 z.
928 2164 965 2227 B.
994 2167 1121 2243 sagten,
1154 2164 1215 2227 der
1242 2165 1331 2230 Kfise
1359 2165 1402 2228 sei

154 2268 334 2344 schfidlicn
374 2287 411 2331 so
449 2271 577 2347 gensrge
615 2267 673 2330 das
712 2267 875 2331 durchaus
912 2267 1017 2342 nicht3
1059 2267 1131 2343 wie,
1170 2287 1300 2332 warum
1338 2267 1401 2332 und

155 2372 314 2437 welchem
338 2371 428 2435 Teile
456 2370 514 2434 des
541 2370 783 2434 menschlichen
811 2370 957 2451 K6rpers
987 2389 1024 2433 er
1051 2369 1182 2448 schade‚
1211 2375 1328 2436 nn'rsse
1351 2391 1401 2452 ge·

153 2481 229 2556 sagt
252 2475 385 2539 werden
410 2475 496 2556 (τίνα
518 2496 552 2535 τε
574 2471 682 2536 πόνον
703 2473 756 2535 καὶ
781 2472 838 2535 διὰ
859 2476 890 2534 τί
912 2474 966 2534 καὶ
988 2475 1051 2536 τίνι
1073 2473 1139 2536 τῶν
1156 2472 1193 2536 ἐν
1207 2480 1254 2558 τῷ
1268 2472 1401 2557 ἀνθρά-

155 2600 211 2663 πῳ
238 2575 394 2640 ἐνεόντων
419 2571 648 2661 ἀνεπιτήδειον
674 2598 701 2642 e.
725 2578 792 2660 20).
838 2578 947 2642 Wenn
976 2598 1012 2642 er
1041 2579 1151 2642 fernen
1179 2578 1225 2642 im
1254 2579 1401 2660 Anfange

154 2702 221 2746 von
256 2702 281 2745 c.
313 2685 352 2745 14
386 2687 468 2760 sagr,
503 2682 588 2746 auch
621 2701 657 2745 er
691 2681 797 2745 kenne
831 2681 883 2744 die
914 2681 1171 2746 verschiedenen
1199 2681 1401 2763 Wirkungen

153 2787 215 2851 der
241 2786 499 2849 verschiedenen
523 2785 708 2860 Brotarten
736 2804 773 2848 so
800 2785 858 2848 hat
889 2804 924 2848 er
955 2785 1041 2850 wohl
1071 2785 1124 2848 die
1150 2805 1178 2850 ο.
1200 2787 1336 2850 40-42
1362 2787 1401 2850 im

153 2889 268 2966 Smne,
296 2889 419 2953 welche
452 2889 540 2952 diese
563 2887 798 2952 Untersehiede
829 2907 935 2968 genau
958 2889 1292 2954 auseinandersetzen
1317 2888 1402 2972 (olda

155 2992 214 3073 μὲν
241 2993 303 3074 γάρ
331 2993 385 3054 καὶ
407 2992 487 3054 τάδε
511 2990 632 3075 δήπου,
659 2992 711 3054 ὅτι
734 2993 882 3074 διαφέρει
904 2990 936 3065 ἐς
957 2992 995 3057 τὸ
1020 2997 1112 3073 σῶμα
1133 2991 1194 3055 τοῦ
1216 2985 1403 3077 α’νθρῶπου

154 3094 305 3178 καθαρὸς
332 3095 430 3178 ἄρτος
458 3095 533 3174 (ng.
558 3095 590 3158 S.
614 3095 687 3169 536,
714 3095 767 3176 10)
791 3093 812 3174 η’
834 3091 1046 3172 συγκομιστός
1068 3094 1154 3175 (538,
1180 3095 1235 3178 15)
1259 3095 1281 3178 ἢ
1303 3095 1401 3157 nme

155 3216 240 3262 στων
263 3205 377 3279 πυρῶν
398 3199 420 3280 ἤ
441 3196 644 3276 ἕπτισμένων
667 3199 755 3280 (535,
778 3199 812 3278 6)
834 3198 854 3279 ἢ
877 3197 991 3280 πολλῷ
1013 3196 1111 3260 ὕδατι
1133 3201 1403 3283 πεφυρημένος(

152 3301 253 3388 δλίγηι
289 3305 376 3387 (536,
402 3305 458 3378 10;
488 3303 562 3380 540,
585 3303 620 3385 4)
654 3302 674 3385 ἢ
706 3301 844 3382 ἰσχυρῶς
872 3303 1099 3384 πεφυρημένος
1124 3300 1145 3384 ἢ
1172 3301 1356 3386 ἀφύρητος,
1384 3301 1403 3385 ἤ

152 3405 296 3483 ἐξοπτος
319 3409 406 3490 (536,
429 3408 464 3482 6;
488 3406 561 3483 540,
586 3407 617 3487 8)
646 3405 665 3486 ἢ
688 3403 824 3486 ἔνωμος,
853 3404 938 3466 ἄλλα
960 3428 994 3467 τε
1015 3404 1099 3488 πρὸς
1121 3403 1268 3468 τούτοισι
1291 3406 1402 3490 μύρια·

152 3510 199 3584 ῶς
227 3511 258 3573 δ’
281 3512 386 3584 αὔτως
412 3511 466 3572 καὶ
494 3511 569 3594 περὶ
594 3509 709 3593 μάζης·
737 3509 790 3570 καὶ
818 3507 854 3571 αῖ
877 3507 1029 3590 δυνάμιες
1049 3507 1190 3590 μεγάλαι
1211 3531 1247 3571 τε
1268 3507 1402 3574 ἑκάστου

246 3752 265 3821 ¹)
282 3755 369 3821 χυμοὸ
386 3753 424 3806 ist
443 3751 494 3805 der
512 3751 602 3805 Name
622 3751 716 3804 dieser·
735 3748 817 3804 sefte
837 3747 878 3816 (S.
900 3751 939 3815 16,
958 3749 988 3815 ὸς
1005 3749 1048 3815 26,
1065 3747 1152 3815 20ff.;
1171 3749 1214 3816 30,
1234 3748 1314 3818 effi).
1351 3750 1403 3803 De·

153 3839 263 3893 mokrit
290 3838 473 3892 untersehied
495 3837 594 3892 sieben
617 3836 710 3890 Arten
737 3836 787 3890 des
811 3831 1038 3890 Geschrnaclresr
1064 3834 1125 3894 ὸξὸς
1151 3835 1252 3902 γλυκὸς
1273 3837 1404 3905 στρυφνὸς

153 3928 250 3995 πικρὸς
271 3926 390 3994 ἁλμυρὸς
413 3924 513 3994 δριμὸς
534 3923 647 3991 λιπαρὸς
670 3921 873 3992 (Theophraet‚
900 3922 936 3975 de
959 3939 1036 3976 caus.
1060 3921 1098 3990 pl.
1117 3919 1168 3985 vl,
1192 3923 1216 3986 1,
1242 3920 1281 3991 6).
1324 3922 1402 3977 Naeh

155 4012 340 4082 Theophrast
359 4011 395 4080 (a.
415 4029 441 4064 a.
460 4010 493 4065 0.
513 4010 562 4079 VI,
579 4012 605 4076 4,
627 4009 651 4078 l)
671 4008 765 4062 ziihlte
784 4025 848 4061 man
866 4007 965 4061 nioben
984 4007 1028 4060 bis
1046 4024 1136 4060 neun:
1165 4009 1195 4058 τιὸ
1213 4008 1246 4059 δὲ
1264 4008 1339 4060 ἰδέαι
1355 4008 1403 4059 τῶν

151 4101 252 4168 χυμῶν
270 4098 336 4150 ἑπτὰ
355 4097 483 4148 δοκοῦσιν
502 4091 580 4162 εἶναι,
599 4093 725 4162 καθάπερ
743 4093 790 4144 καὶ
807 4095 860 4144 τῶν
877 4093 970 4160 ὀσμῶν
988 4092 1104 4143 καὶτῶν
1120 4091 1277 4160 χρωμάτων
1297 4128 1403 4145 .....

154 4184 253 4252 γλοιὸς
271 4184 324 4252 γάρ
343 4183 389 4232 καὶ
407 4182 520 4248 λιπαρὸς
537 4180 583 4230 καὶ
602 4179 696 4246 πικρὸς
714 4179 760 4229 καὶ
772 4176 900 4246 αὐστηρὸς
912 4177 957 4228 καὶ
971 4176 1071 4245 δρυμὸς
1083 4176 1129 4228 καὶ
1140 4177 1202 4235 ὸξὸς
1213 4178 1263 4228 καὶ
1274 4179 1404 4248 στρυφνὸς

152 4271 350 4339 ἀριθμοῦνται·
371 4269 541 4335 προστίθεται
559 4265 648 4317 δὲκαὶ
661 4266 674 4315 δ
687 4263 806 4334 ἁλμυρὸς
819 4263 928 4330 ὄγδοος·
947 4263 1049 4312 οἴονται
1061 4260 1093 4313 δέ
1104 4279 1174 4321 τινες
1185 4263 1233 4313 καὶ
1246 4263 1295 4314 τδν
1307 4262 1404 4327 οἰνάδη

152 4355 223 4406 δεῖν.
251 4354 425 4423 Herophilos
438 4353 524 4407 nahm
537 4352 610 4406 zehn
624 4353 715 4405 Arten
727 4368 785 4406 von
797 4347 899 4404 Siiften
911 4366 948 4402 an
961 4346 1138 4418 (Sprengell
1151 4347 1181 4403 S.
1190 4348 1269 4419 483).
1291 4368 1315 4405 ε.
1327 4349 1355 4406 S.
1364 4350 1404 4405 46.
