3120 4928
736 385 970 450 -122-

232 570 266 638 οἱ
293 571 438 636 τοιοῦτοι
464 572 603 655 ἠλίθιοι·
632 575 689 636 ἅτε
716 570 778 656 γὰρ
805 571 957 655 βραδείας
983 571 1097 656 ἐούσης
1122 576 1178 654 τῆς
1205 571 1376 655 περιόδου,
1401 573 1486 635 κατὰ

232 676 336 763 βραχύ
362 699 395 738 τε
418 681 686 760 προσπίπτουσιν
708 675 743 740 αἱ
765 677 934 762 αἰσθήσεις
956 677 1060 752 δξεῖαι
1082 675 1194 741 ἐούσαι
1216 678 1270 740 καὶ
1291 674 1346 740 ἐπ’
1368 676 1485 756 ὀλίγον

234 784 470 864 συμμίσγονται
499 780 557 843 διὰ
582 782 769 865 βραδυτῆτα
797 781 853 863 τῆς
880 779 1053 864 περιόδου·
1080 777 1116 842 αἱ
1142 780 1203 861 γὰρ
1231 778 1405 863 αἰσθήσεις
1427 785 1485 864 τῆς

234 891 342 971 ψυχῆς
374 887 449 949 όσαι
482 885 542 966 μέν
576 884 625 948 δι’
658 887 758 970 ὄψιος
791 886 812 970 ἢ
844 883 943 969 ἀκοῆς
975 885 1069 960 είσιν,
1104 883 1228 961 όξείοιι,
1253 884 1328 946 ύσαι
1356 883 1395 948 δὲ
1425 883 1485 947 διὰ

196 987 391 1074 οψαύσιος,
419 986 614 1070 βραδύτεραι
640 990 694 1051 καὶ
720 986 998 1071 εύαισθητότεραι.
1043 985 1168 1050 τούτων
1189 986 1250 1068 μὲν
1272 975 1333 1052 ούν
1354 986 1483 1050 αἰσθά-

234 1114 347 1156 νονται
373 1091 427 1154 καὶ
455 1088 487 1153 οἳ
508 1090 653 1155 τοιούτοι
681 1090 779 1156 οὐδὲν
802 1081 911 1175 ἧσσον,
938 1097 1003 1155 τῶν
1025 1094 1163 1174 ψυχρόν
1185 1089 1239 1152 καί
1261 1094 1327 1154 τόν
1348 1092 1486 1173 θερμῶν

234 1197 289 1258 ναὶ
314 1198 381 1258 τῶν
407 1193 576 1270 τοιούτοιν,
606 1195 670 1258 ὅσα
696 1195 734 1259 δὲ
760 1194 805 1258 δι’
832 1195 933 1279 όψιος
961 1195 981 1278 ἢ
1005 1192 1105 1278 όνοῆς
1124 1193 1352 1257 αίσθόνεσθαι
1375 1193 1440 1270 δεῖ,
1464 1197 1487 1257 ἃ

234 1298 279 1381 μὴ
306 1296 469 1380 πρότερον
495 1295 700 1374 ἐπίστανται,
733 1299 774 1363 ού
806 1297 964 1362 δύνανται
997 1296 1237 1362 αἰσθάνεσθαι·
1268 1297 1310 1378 ἢν
1342 1296 1406 1381 γὰρ
1441 1297 1484 1381 μὴ

237 1402 352 1486 σεισθῇ
384 1398 404 1483 ἡ
438 1398 528 1484 ψυχὴ
562 1398 631 1463 ύπὸ
664 1405 724 1464 τοῦ
757 1398 1018 1484 προσπεσόντος,
1053 1395 1111 1464 ούιτ
1145 1402 1187 1462 ἂν
1219 1398 1376 1463 αἴσθοιτο
1412 1397 1486 1464 οἷόν

184 1521 217 1570 10
235 1503 349 1589 ἐστι.[
351 1547 650 1568 ..........
653 1505 667 1588 ]
711 1503 742 1566 εί
770 1503 807 1566 δὲ
833 1506 1011 1588 νροιτηθείη
1037 1503 1093 1567 ἐπί
1120 1501 1227 1566 πλόον
1255 1502 1293 1566 τὸ
1321 1505 1391 1586 πῦρ
1415 1501 1484 1566 ύπό

234 1607 294 1671 τού
321 1605 431 1680 ἐόντος
457 1605 591 1683 ύδατος,
618 1606 754 1681 τούτους
780 1607 847 1693 ἤδη
878 1606 909 1670 οἳ
937 1607 996 1688 μέν
1022 1607 1171 1691 ἄφρονας
1197 1599 1430 1688 όνομόζουσιν,
1453 1604 1486 1670 οἳ

236 1711 272 1775 δὲ
293 1709 540 1794 ἐμβροντήτους.
563 1709 630 1773 ἔστι
652 1710 690 1774 δέ
714 1709 762 1795 [ἡ]
786 1714 886 1795 μανίη
907 1716 1006 1774 τοῦτο
1026 1710 1082 1774 ἐπί
1098 1710 1135 1773 τό
1149 1709 1364 1794 βραδύτερον.
1393 1700 1486 1774 οὗτοι

235 1816 383 1878 ιτλαίουσί
403 1837 438 1877 τε
460 1813 598 1888 ούδενύς
620 1819 750 1890 είνειιεν,
775 1814 904 1878 δεδίασί
925 1838 959 1878 τε
981 1814 1022 1878 τὰ
1043 1815 1086 1897 μὴ
1107 1813 1235 1898 φοβερὰ
1256 1813 1440 1878 λυπέονταί
1453 1837 1486 1876 τε

235 1918 291 1982 §uz
313 1929 396 1982 τοῖσι
418 1917 461 2001 μὴ
484 1917 686 2000 προσήκουσι
708 1918 927 1983 αίσθόνονταί
948 1942 982 1982 τε
1005 1920 1024 2003 ἢ
1046 1942 1077 1981 τι
1099 1919 1119 2000 ἢ
1142 1915 1240 1982 ούδέν
1261 1916 1305 1992 οἷς
1328 1916 1486 2003 προσήκει

184 2037 217 2089 15
235 2022 312 2095 τούς
335 2023 543 2107 φρονέοντας.
569 2022 583 2106 [
585 2067 852 2085 .........
854 2022 868 2107 ]
891 2022 921 2085 εί
950 2021 987 2085 δέ
1013 2021 1049 2086 τό
1077 2022 1167 2105 ύδοορ
1195 2020 1402 2106 ἐνδεεστέραν
1429 2020 1485 2105 τὴν

237 2124 377 2205 δύναμιν
410 2123 516 2204 λάβοι,
550 2127 610 2188 τοῦ
643 2124 748 2209 πυρός
780 2125 931 2209 εἰλικρινῆ
963 2124 1022 2209 τὴν
1055 2123 1227 2209 σύγκρισιν
1263 2123 1411 2206 ἔχοντος,
1451 2123 1485 2189 ἐν

235 2228 417 2308 ὑγιαίνουσι
432 2226 559 2309 στόμασι
581 2229 744 2312 φρόνιμος
764 2228 783 2314 ἦ
799 2227 931 2313 τοιαύτη
947 2230 1040 2314 ψυχὴ
1052 2229 1107 2291 καί
1121 2231 1242 2309 ταχέας
1256 2228 1485 2312 αἰσθανομένη

235 2331 301 2396 τόν
323 2331 604 2414 προσπιπτόντων
626 2333 679 2395 καί
699 2331 741 2397 ού
759 2336 1014 2413 μεταπίπτουσα
1028 2330 1196 2405 πολλάκις.
1213 2334 1228 2417 [
1230 2377 1468 2398 ..........
1468 2332 1483 2416 ]

235 2436 264 2498 εί
291 2436 328 2500 δέ
355 2434 412 2499 ἐπί
440 2435 529 2499 πλέω
554 2438 729 2520 ιιρατηθείη
758 2435 778 2520 ἢ
804 2437 863 2500 τού
886 2435 1007 2510 ὕδατος
1030 2433 1169 2516 δύναμις
1192 2433 1259 2500 ύπό
1284 2434 1345 2500 τού
1367 2436 1484 2519 πυρός,

182 2553 217 2603 20
236 2536 388 2622 όξυτέρην
414 2537 474 2620 μὲν
502 2537 647 2623 τοσούτῳ
670 2530 797 2621 όνόγιτη
819 2537 986 2625 εἶναιτὴν
1008 2538 1120 2624 ψυχὴν
1141 2540 1208 2623 ύσεμ
1231 2539 1363 2602 θᾶσσον
1384 2549 1483 2603 κινεί-

236 2665 299 2723 ται,
323 2643 377 2704 καὶ
399 2642 486 2723 πρός
508 2641 565 2715 τὰς
580 2640 750 2724 αίσθὴσεις
770 2644 902 2706 θᾶσσον
917 2645 1152 2722 προσπίπτειν,
1177 2631 1278 2724 ἧσσον
1292 2641 1329 2706 δέ
1343 2641 1485 2724 μόνιμον

235 2744 301 2809 τῶν
328 2747 509 2828 προτέρων,
538 2743 626 2808 διότι
653 2745 784 2809 θᾶσσον
811 2745 987 2829 ἐκκρίνεται
1013 2746 1056 2808 τὰ
1081 2743 1330 2828 παραγενόμενα
1352 2747 1410 2808 καὶ
1431 2745 1485 2809 ἐπὶ

236 2850 362 2915 πλέονα
384 2848 526 2932 όρμᾶται
549 2848 606 2912 διὰ
627 2849 798 2932 ταχυτῆτα.
826 2850 850 2933 [.
875 2895 882 2911 .
907 2895 915 2912 .
939 2851 963 2934 .]

323 2953 352 3015 εί
380 2951 419 3016 δέ
443 2974 506 3016 τινι
533 2952 637 3016 πλόον
662 2955 837 3038 ιιρατηθείῃ
859 2953 897 3016 τό
925 2952 1015 3036 ὕδωρ
1037 2950 1105 3017 ύπό
1130 2959 1189 3016 τοῦ
1212 2950 1330 3036 πυρός,
1354 2951 1487 3038 όξεταῆ

182 3069 217 3120 2⁵
236 3053 369 3139 τοιαύτη
398 3055 490 3142 ψυχὴ
513 3055 612 3136 ἄγαν,
639 3056 694 3118 καί
715 3055 852 3130 τούτους
875 3054 1076 3142 όνειριόσσειν
1097 3054 1257 3138 λέγουσιν,
1279 3051 1313 3119 οἱ
1336 3055 1375 3119 δὲ
1396 3056 1497 3121 ύπο-’

235 3161 430 3241 μαίνεσθαι*
458 3156 524 3222 ἔστι
555 3159 592 3223 δέ
613 3157 745 3238 ἔγγιστα
767 3163 883 3243 μανίης
904 3159 943 3222 τό
964 3165 1125 3223 τοιοῦτον.
1149 3159 1164 3243 [
1166 3203 1470 3222 ..........
1472 3161 1486 3244 ]

322 3542 347 3594 3.
371 3556 394 3592 σ.
418 3558 444 3591 τε
467 3540 505 3594 Μ.
546 3541 569 3594 6.
593 3537 672 3603 ἧσσον
695 3536 754 3592 οἷον
771 3539 805 3593 R.
846 3539 871 3594 7.
895 3538 973 3604 ὄψιος
996 3537 1176 3589 αἰσθάνονται
1197 3538 1241 3589 δεῖ
1263 3541 1292 3591 θ.
1333 3536 1382 3604 όψ.
1410 3539 1425 3603 ἢ
1452 3538 1488 3589 δι’

234 3629 316 3693 ἀκοῆς
341 3627 487 3679 αἰσθέσθαι
511 3627 555 3678 δεῖ
578 3627 616 3680 Μ.
661 3628 686 3682 9.
709 3625 760 3677 όπό
783 3626 829 3678 τού
851 3627 934 3694 πυρὸς
957 3623 1083 3685 πεσόντος
1105 3624 1173 3679 θΜ.
1197 3642 1270 3681 corr.
1287 3624 1357 3679 Wil.
1407 3627 1448 3680 10.
1469 3629 1489 3676 θ

236 3714 328 3765 όιτοῖον
350 3730 375 3764 τι
393 3712 429 3765 Μ.
467 3714 507 3766 12.
525 3714 540 3776 ἡ
559 3713 614 3768 δελ.
633 3711 702 3766 Wil.
726 3740 757 3752 -
776 3712 850 3763 τοῦτο
868 3715 890 3762 θ
906 3712 1006 3763 τοιοῦτο
1025 3711 1062 3765 Μ.
1101 3711 1141 3766 13.
1160 3711 1197 3766 Μ.
1216 3711 1294 3763 ἕνεκα
1312 3714 1341 3762 θ.
1379 3710 1490 3770 οόδενδς

234 3798 377 3858 λυπέοντος
394 3798 408 3861 ἢ
426 3797 566 3858 πίπτοντος
583 3799 692 3851 δεδίασι
710 3798 745 3852 R.
783 3799 823 3852 14.
843 3815 897 3862 quq
914 3795 1032 3856 ούδενιύς
1050 3801 1079 3853 θ.
1098 3796 1331 3860 eorr.Wi1.atrc›2
1347 3793 1489 3851 ούδένοόν

236 3884 355 3956 πρδςΜ.
383 3881 453 3937 οἶσιν
471 3887 501 3935 ού
516 3885 583 3954 πρὸς
594 3887 648 3944 τοῖς
665 3886 807 3953 φρονέουσι
819 3884 853 3939 R.
888 3884 946 3953 vgl.
960 3882 1102 3953 Gomperz
1121 3901 1150 3935 π.
1168 3884 1261 3951 τέχνης
1278 3900 1306 3952 p.
1319 3882 1363 3950 82,
1383 3883 1435 3938 der
1453 3882 1489 3938 M.

236 3972 299 4026 hier
315 3970 508 4026 flberschiitzt.
539 3973 581 4026 21.
601 3971 645 4022 ιίιὸ
664 3975 693 4022 θ.
711 3972 781 4038 ίκιιρ.
800 3974 828 4022 θ.
859 3970 929 4022 διότι
940 3973 1059 4040 κρίνεται
1072 3970 1109 4024 Μ.
1129 4000 1162 4008 -
1180 3972 1316 4039 μονίμους
1326 3972 1384 4021 τῶν
1403 3987 1449 4040 πρ.
1461 3973 1488 4022 θ..

233 4058 357 4127 μόνιμον
378 4057 432 4110 τῶν
455 4057 585 4126 πρότερον
607 4057 644 4112 Μ.
681 4057 724 4112 25.
741 4057 788 4108 καί
811 4056 916 4114 τούτους
934 4056 1014 4123 ὀνειρ.
1033 4056 1172 4108 καλέουσιν
1190 4057 1216 4107 οί
1234 4053 1368 4123 δὲύπομ.
1388 4054 1490 4108 ἔστιδὲ

234 4147 274 4212 ἐγ.
293 4145 330 4199 Μ.
372 4146 418 4198 καί
435 4144 540 4204 τούτους
557 4143 639 4214 όνιιρ.
664 4144 723 4195 καλ.
742 4143 772 4195 δὲ
791 4141 886 4201 αύτούς
902 4140 1139 4211 ύπομαινομένους
1155 4144 1209 4195 ἔστι
1227 4142 1282 4210 γὰρ
1301 4142 1341 4210 ἐγ.
1361 4141 1397 4197 R.
1432 4142 1490 4213 vg!-

237 4231 307 4286 Wil.
324 4250 348 4284 z.
368 4231 510 4286 Herakles
528 4249 554 4286 v.
573 4230 624 4286 635
642 4229 701 4284 und
720 4247 744 4284 ο.
765 4231 805 4283 16.
841 4228 898 4282 Die
917 4226 1007 4284 stelle
1026 4229 1103 4298 zeigt
1122 4234 1175 4298 gut
1193 4227 1249 4282 deu
1261 4226 1347 4282 Wert
1365 4245 1426 4284 von
1445 4228 1491 4296 M„

236 4335 322 4373 wenn
340 4322 361 4368 θ
379 4335 432 4372 uns
451 4318 489 4371 im
507 4316 589 4372 Stich
608 4317 692 4384 Μεεός
711 4333 741 4372 οε
755 4315 828 4370 fehlt
846 4316 902 4368 ihm
921 4315 1027 4370 wieder
1045 4332 1102 4371 von
1120 4314 1193 4374 ὀξεῖα
1212 4330 1249 4368 ευ
1267 4313 1315 4369 οἱα
1333 4313 1447 4371 folium.
