3120 4928
671 393 907 458 —199-

857 580 903 661 (S.
922 581 997 661 173)
1021 590 1089 655 τοῖς
1111 579 1170 662 μὲν
1193 569 1253 644 οὖν
1268 578 1413 660 εάόχκως

812 684 1023 769 βουλομένοις
1052 683 1178 762 διάγειν
1204 687 1264 748 τοῦ
1291 687 1413 767 θίρους

813 788 945 871 ἄριστον
967 785 1125 872 ἀποχρῶν
1147 785 1215 850 ἐστι
1237 833 1245 850 .
1269 832 1277 849 .
1302 833 1310 850 .

856 890 900 972 (S.
928 891 1003 974 174)
1037 889 1117 973 μετὰ
1149 890 1186 955 δὲ
1213 890 1249 954 τὸ
1279 893 1411 975 άριοτον

812 991 857 1076 μη
893 993 1002 1057 πολὺν
1036 994 1258 1079 διατρίψαντα
1291 993 1411 1080 χρόνον

812 1095 1047 1177 καταδαρθεῖν.

205 1203 259 1266 καὶ
275 1201 500 1287 πλησμονῇσιν
516 1197 558 1273 ὥς
572 1200 684 1284 ἥκιστα
696 1205 761 1263 τοῖν
856 1199 902 1282 (S.
921 1200 995 1282 174)
1012 1203 1119 1264 πίνειν
1135 1200 1172 1264 δὲ
1187 1201 1303 1265 λευκόν
1318 1200 1411 1264 οίνον

158 1310 272 1370 σιτίων
305 1309 359 1367 καί
387 1308 430 1387 τῷ
458 1309 551 1388 ποτῷ
578 1301 678 1388 ἱκανῷ
704 1301 759 1366 ἐπὶ
814 1299 1027 1387 ὑδαρέστερον
1042 1305 1117 1390 άχρι
1131 1304 1243 1390 τοῦμη
1258 1290 1407 1390 διψῆσαι.

156 1417 206 1494 τῷ
228 1411 305 1491 σίτῳ
328 1406 471 1492 χρῆσθαι
494 1451 502 1467 .
527 1452 535 1469 .
558 1451 567 1468 .
591 1452 600 1469 .

207 1511 350 1598 χρῆσθαι
395 1508 431 1572 δὲ
468 1519 551 1573 τοῖσι
588 1508 760 1590 λαχάνοισι
855 1509 899 1590 (S.
919 1509 992 1593 173)
1016 1509 1106 1592 δψον
1129 1509 1166 1572 δὲ
1187 1512 1249 1584 ἕξει
1263 1510 1410 1591 λάχανον

157 1627 265 1680 τοῖσιν
290 1599 446 1697 ἕψθοίσιν
474 1611 560 1696 πλὴν
586 1619 651 1676 τῶν
675 1635 756 1676 καυ-
811 1609 958 1694 ἑφθὸνί)
977 1610 1173 1695 κολοκύντην
1187 1616 1207 1696 ἢ
1223 1616 1333 1677 σίκυον
1349 1659 1357 1675 .
1374 1658 1408 1675 ..

160 1717 306 1793 σωδέων,
334 1717 483 1802 χρῆσθαι
511 1713 546 1778 δὲ
575 1716 627 1777 καὶ
656 1727 759 1780 τοῖσιν
811 1715 856 1797 (S.
875 1715 951 1798 175)
966 1713 1094 1796 λάχανα
1111 1715 1147 1778 δὲ
1163 1714 1235 1797 ἀμά
1250 1716 1309 1797 μὲν
1324 1739 1407 1802 προ·

158 1820 277 1903 οίμοίσι
312 1818 399 1903 πλὴν
432 1821 496 1880 τῶν
532 1819 759 1903 θερμαντικῶν
810 1821 935 1880 εσθίειν
949 1818 1036 1903 πλὴν
1052 1818 1164 1883 σικύου
1176 1820 1229 1882 καί
1242 1818 1407 1903 ῥαφάνου·

158 1925 213 1987 καί
238 1926 433 2008 ξηραντικῶν
457 1970 464 1984 .
489 1970 496 1984 .
520 1968 528 1983 .
553 1922 592 2005 ,7)
810 1928 914 1986 ταῦτα
937 1921 974 1985 δὲ
996 1921 1175 1986 τελευταία·
1199 1922 1240 1986 τὰ
1260 1923 1297 1987 δὲ
1314 1921 1404 2008 ἑφθ“

204 582 326 667 ἀρίστῳ
350 579 387 644 δὲ
409 578 523 662 ἀλίχῳ·

205 892 260 955 καὶ
282 893 438 956 ὕπνοισιν
459 888 529 955 ἀπὸ
554 897 613 954 τοῦ
628 884 761 974 ἀρίστου

155 997 308 1084 βραχέσι·

204 2232 367 2314 λουτροῖσι
385 2230 421 2294 δὲ
436 2230 589 2314 χλιεροίσι
603 2231 756 2315 χρῆσθαι.

205 2437 225 2523 η
262 2437 299 2501 δὲ
336 2432 449 2521 ὀπώρη
483 2437 670 2520 ίσχυροτέρη
704 2436 758 2517 τῆς

157 2541 374 2626 ἀνθρωπίνης
394 2539 533 2624 φάσεως·
556 2539 684 2622 βελτίον
699 2529 759 2604 οὖν

810 2024 988 2106 λαμβάνειν
1022 2024 1089 2090 ἀπὸ
1119 2031 1251 2111 πρῶτον
1276 2026 1314 2091 τὸ
1343 2027 1408 2090 δεί-

810 2150 898 2192 πνον
920 2173 928 2190 .
953 2175 960 2190 .
985 2127 1026 2212 .¹)

855 2233 902 2314 (S.
925 2234 999 2316 174)
1024 2278 1032 2296 .
1056 2279 1064 2294 .
1088 2279 1096 2296 .
1120 2240 1165 2320 τῷ
1187 2237 1305 2318 ψυχρῷ
1326 2231 1407 2296 λού-

809 2337 909 2397 εσθαι
931 2335 1036 2411 καλῶς
1058 2335 1131 2417 ἔχει.

853 2439 899 2520 (S.
918 2440 994 2522 170)
1018 2438 1186 2527 ἀκρόδρυα
1210 2439 1247 2503 δὲ
1262 2439 1406 2526 δύσχρη-

810 2557 872 2604 στα
897 2544 958 2623 μέν
983 2540 1050 2605 ἐστι
1078 2542 1200 2618 πάντα,
1232 2543 1340 2628 ἣκιστα
1371 2543 1407 2607 δὲ

157 2637 362 2740 ἀπέχεσθαι·
385 2645 414 2706 εί
430 2643 467 2707 δὲ
481 2643 587 2726 χρῷτό
601 2666 662 2720 τις,
677 2644 760 2726 μετὰ

156 2751 226 2810 τῶν
259 2749 355 2810 σίτων
391 2745 554 2834 χρώμενος
587 2747 685 2832 ἥκιστ’
717 2752 758 2812 ἂν

156 2848 387 2933 ἐξαμαρτάνοι.

809 2642 937 2726 ἐνοχλεῖ
962 2645 1022 2710 τοῦ
1050 2645 1151 2727 λόγου
1176 2649 1290 2733 μέτρια
1318 2646 1405 2730 λαμ-

808 2748 975 2831 βανόμενα
1001 2749 1066 2835 πρὸ
1095 2750 1160 2815 τῶν
1189 2753 1307 2818 σιτίων.
1352 2751 1407 2835 τῆς

810 2851 847 2914 δὲ
876 2849 1010 2936 ἀπάρας
1036 2853 1077 2916 τὰ
1103 2853 1162 2936 μὲν
1190 2858 1271 2917 σῦκα
1293 2877 1404 2940 περιε-

808 2953 926 3030 λόντας
954 2957 990 3020 τὸ
1022 2956 1125 3041 δέρμα
1151 2958 1205 3020 καὶ
1231 2956 1291 3021 τὸν
1318 2956 1407 3023 δπδν

809 3057 1066 3142 περιπλύναντες
1099 3061 1153 3123 καί
1178 3063 1346 3142 βρέξαντες
1372 3059 1407 3125 ἐν

809 3162 904 3226 ὕδατι
923 3162 1040 3246 ψυχρῷ
1054 3162 1182 3247 βελτίον
1196 3162 1261 3226 ἐστὶ
1280 3161 1406 3250 λαμβά-

808 3287 888 3340 νειν,
918 3267 972 3327 καί
998 3264 1042 3348 μυ)
1068 3263 1203 3346 ἔχοντας
1225 3264 1329 3331 αδτυῦ
1351 3269 1406 3329 καὶ

809 3368 885 3443 τοὺς
906 3368 950 3452 μη“
969 3367 1172 3450 δυναμένους
1186 3367 1309 3434 ἐσθίειν
1323 3371 1407 3452 μετὰ

810 3471 957 3550 δεῖπνον,
990 3471 1068 3546 τοὺς
1102 3471 1139 3535 δὲ
1168 3470 1306 3547 λοιποὺς
1336 3471 1403 3557 πρὸ

809 3579 869 3639 τοῦ
891 3574 1040 3639 δείπνου.

155 3664 369 3675 ——-—

248 3711 269 3780 ¹)
292 3711 376 3766 Dazu
403 3729 461 3766 von
483 3711 606 3766 Fischen
632 3712 679 3766 die
706 3715 834 3781 πετραῖοι,
862 3730 919 3767 von
947 3713 1003 3767 den
1030 3712 1128 3782 σελάχη
1155 3713 1202 3768 δίο
1230 3713 1405 3782 εὐχυλότατοι,

154 3799 272 3855 Fleiseh
296 3816 353 3853 von
372 3799 483 3868 jungen
501 3798 617 3869 Ziegen‚
642 3797 778 3864 Schafen,
802 3797 981 3863 Schweinen‚
1003 3799 1098 3867 Hahn,
1116 3799 1268 3865 Rebhuhn‚
1291 3800 1406 3854 zahmer

153 3885 218 3940 und
245 3883 345 3938 wilder
368 3883 469 3938 Taube
497 3884 564 3954 (ng.
589 3903 618 3941 π.
642 3886 670 3940 δ.
693 3884 723 3941 S.
745 3887 804 3954 548,
822 3884 860 3954 4).
901 3885 1047 3941 Oribasios
1070 3885 1098 3954 (1
1120 3884 1149 3942 S.
1170 3887 1202 3940 15
1212 3885 1244 3955 f.)
1267 3886 1332 3940 teilt
1354 3903 1405 3941 aus

154 3971 253 4027 einem
271 3969 478 4024 unbekannten
492 3970 600 4026 Werke
619 3971 679 4040 mit,
697 3971 819 4028 welches
831 3971 945 4026 Fleisch
964 3971 1158 4040 (Vierfflssler,
1176 3971 1286 4036 Fische,
1300 3971 1404 4040 ngel)

153 4061 188 4114 in
202 4057 289 4129 jeder
305 4056 469 4112 Jahreszeit
486 4075 522 4111 zu
541 4058 654 4112 wahlen
672 4059 722 4113 sei.

245 4141 267 4213 ¹)
286 4140 460 4198 Athenaios:
479 4143 660 4196 διαναπαάσει
678 4144 724 4196 καί
742 4146 837 4215 ἡσυχίη
856 4144 903 4195 καὶ
920 4144 997 4214 άπνηι
1015 4144 1082 4195 κατὰ
1100 4145 1145 4208 την
1156 4147 1327 4214 μεσημβρίαν
1345 4183 1352 4198 .
1371 4182 1377 4199 .
1397 4182 1405 4199 .

153 4230 236 4302 πόμα
252 4227 304 4300 μὲν
322 4224 370 4281 οὖν
386 4231 451 4282 ἔστω
469 4229 625 4290 ἀκολούθως
642 4233 700 4290 ταῖς
717 4229 817 4301 ὁρμαῖς
835 4231 881 4282 καὶ
898 4233 957 4290 ταῖς
976 4231 1020 4295 τῆς
1037 4229 1139 4296 φάσεως
1156 4231 1272 4299 ὀρέξεσιν
1289 4230 1404 4302 ὑδαρέσ-

154 4334 234 4387 τερον
253 4356 260 4370 .
280 4355 287 4370 .
306 4354 312 4371 .
332 4355 339 4372 .
357 4311 432 4368 οίνοο
449 4313 555 4368 ἀπαλοῢ
574 4356 580 4370 .
599 4356 605 4370 .
625 4356 632 4370 .
651 4356 658 4371 .
676 4315 805 4385 λαχάνων
823 4317 854 4370 δι’
871 4317 902 4368 τὰ
919 4317 958 4385 με)
977 4316 1088 4382 δηκτικά
1104 4315 1174 4387 μηδὲ
1192 4315 1311 4386 πυρώδη.
