3120 4928
706 368 918 434 „38-

276 559 461 624 Herodikos
485 577 550 622 von
566 557 690 624 Knidos
713 559 804 624 hatte
827 558 880 623 die
902 558 1020 622 beiden
1038 554 1130 621 Saite
1149 557 1440 640 herausgehoben.

188 665 225 729 In
259 663 317 728 der
347 660 539 727 knidischen
567 662 687 726 Schule
714 661 797 726 wird
824 662 908 727 auch
936 662 989 725 die
1019 661 1192 742 Fixierung
1219 661 1279 725 der
1301 660 1442 725 Wbrter

190 765 318 851 φλέγμα
340 766 408 829 und
432 762 512 846 χολή
535 766 784 847 siattgeiunden
808 767 927 832 haben.
971 766 1028 829 Die
1043 764 1177 829 Knidier
1192 765 1302 830 haben
1317 767 1441 828 immer

189 890 232 935 an
259 870 323 933 den
351 869 471 933 beiden
499 868 717 949 feslgehalten
744 871 813 934 und
837 868 910 933 sind
933 869 1002 933 sich
1026 870 1085 932 des
1107 867 1438 948 Zusammenhanges

189 973 351 1038 zwischen
379 971 508 1054 φλέγμα
534 972 602 1036 und
625 970 756 1054 φλέγειν
782 973 850 1036 und
873 969 1083 1054 φλεγμαίνειν
1105 975 1186 1035 stets
1209 971 1354 1035 bewusst
1379 987 1439 1050 ge·

189 1075 329 1139 blieben.
375 1073 446 1137 Alie
469 1073 660 1138 knidischen
684 1071 849 1137 Schriften
873 1074 930 1137 des
954 1072 1082 1155 Corpus
1105 1091 1231 1154 zeugen
1254 1073 1361 1138 dasrir.

275 1175 496 1254 Entzrindung
522 1174 562 1238 ist
591 1194 627 1237 es
654 1176 687 1238 in
711 1174 839 1256 Kapitel
862 1175 876 1238 1
898 1195 964 1240 von
988 1198 1023 1240 π.
1047 1172 1163 1238 diade:
1189 1172 1380 1256 ὀλιγοσιτεῖν
1402 1198 1440 1238 τε

190 1279 234 1354 nic
260 1277 400 1360 μάλιστα
427 1278 480 1338 καὶ
509 1276 597 1361 ὕδωρ
625 1279 778 1361 συμφέρει
801 1283 883 1339 πᾶσι
905 1287 1008 1341 τοῖσιν
1030 1277 1130 1340 ἕλκεσι
1151 1277 1336 1359 μᾶλλονδὲ
1360 1326 1368 1342 .
1394 1331 1401 1346 .
1429 1331 1437 1346 .

191 1381 242 1449 ὅτι
271 1379 351 1443 ἄλλο
382 1379 570 1462 φλεγμαίνει
597 1379 688 1450 ἕλκος
711 1379 731 1459 ἤ
753 1378 860 1460 μέλλει
883 1429 890 1444 .
915 1428 922 1443 .
948 1430 955 1444 .
979 1430 987 1445 .
1011 1381 1065 1442 καὶ
1087 1391 1171 1444 τοῖσι
1191 1378 1227 1445 έν
1248 1393 1352 1454 τοῖσιν
1371 1381 1436 1464 ἄρ-

189 1487 321 1569 θροισιν
337 1482 437 1546 ἕλκεσι
453 1484 506 1546 καὶ
522 1483 761 1568 φλέγμασιβ)
779 1483 936 1550 wdhrend
953 1483 1011 1549 der
1023 1486 1129 1549 Auior
1143 1477 1236 1550 sonet
1249 1485 1439 1568 φλεγμασία

189 1590 308 1654 σίτοισί
332 1589 371 1670 (ο.
395 1588 430 1664 8;
456 1589 509 1664 10;
536 1591 590 1665 11;
614 1590 679 1671 24).
716 1588 775 1652 Mii
791 1588 1011 1668 Entzrindung
1030 1587 1323 1669 gleicbbedeuiend
1346 1588 1440 1652 steht

191 1712 225 1757 es
252 1692 286 1756 in
316 1713 352 1757 π.
376 1691 503 1754 νούσων
525 1691 552 1754 ΙΙ
575 1711 600 1755 c.
625 1691 683 1756 26:
711 1691 751 1773 ἢν
781 1690 819 1753 δέ
845 1688 877 1753 οἳ
904 1690 1026 1775 οἴδημα
1052 1690 1155 1778 ὀκφύη
1178 1692 1232 1753 καί
1254 1691 1439 1774 οῑδίστηται

68 1797 70 1800 ⁴
191 1795 272 1879 πρὸς
283 1795 325 1856 τά
341 1793 463 1876 στήθεα
478 1795 532 1855 καὶ
547 1793 690 1878 ἐρυθρὸν
704 1793 740 1879 ἑῇ
755 1796 809 1857 καλ
824 1799 960 1878 καίηται,
978 1794 1108 1870 έλπίδες
1120 1795 1254 1869 πλέονες
1266 1798 1437 1878 σωτηρίης·

191 1907 299 1961 ποιεῖν
327 1896 365 1960 δέ
393 1895 424 1961 οἳ
446 1897 538 1961 τάδε·
565 1898 650 1981 ἐπῆν
672 1900 732 1974 ἔξω
754 1898 916 1983 τράπηται
938 1900 975 1962 τὸ
998 1899 1138 1983 φλέγμα,
1165 1899 1280 1963 τεῦτλα
1301 1898 1437 1981 ἐμβάπ-

191 2023 256 2064 των
283 1999 313 2074 ἐς
342 2001 429 2084 ύδωρ
457 2002 590 2086 φυχρὸν
616 2005 823 2087 προστιόέτω
850 2004 919 2069 und
945 2024 973 2070 c.
998 2003 1053 2069 27:
1089 2003 1228 2087 πυρετὸς
1255 2004 1308 2065 καί
1330 1996 1438 2086 ὀδύνη

194 2103 349 2186 λαμβάνει
372 2104 429 2189 τὴν
451 2105 594 2190 κεφαλὴν
616 2109 670 2169 καὶ
692 2107 712 2191 ἦ
735 2106 864 2191 φάρυγξ
887 2107 1077 2190 φλεγμαίνει
1099 2158 1107 2173 .
1132 2157 1139 2172 .
1165 2160 1172 2174 .
1197 2159 1204 2175 .
1228 2107 1267 2189 ἢν
1290 2106 1329 2170 δέ
1350 2101 1383 2169 οἱ
1404 2103 1438 2180 ές

190 2207 232 2270 τά
254 2207 379 2292 στήθεα
401 2208 563 2295 τράπηται
587 2211 606 2294 ἢ
629 2211 661 2284 ές
683 2212 742 2274 τὸν
764 2209 925 2294 τράχηλον
946 2210 983 2274 τύ
1006 2211 1146 2294 φλέγμα,
1170 2209 1285 2274 τεῦτλα
1300 2209 1320 2291 ἢ
1334 2208 1437 2272 κολο-

192 2309 310 2384 κύντας
343 2314 548 2395 ταταταμών,
582 2313 731 2397 ἐμβαλών
764 2314 796 2389 ές
823 2315 911 2400 ὕδωρ
939 2315 1072 2401 ψυχρὸν
1099 2316 1307 2399 προστιθέντι
1336 2313 1437 2394 (dazu

193 2435 220 2480 c.
239 2416 391 2499 10-11).
430 2416 524 2482 Auch
547 2419 582 2482 in
605 2441 641 2483 π.
666 2420 826 2499 συρίγγων
849 2419 930 2481 wird
954 2418 1013 2482 das
1037 2416 1294 2482 Entzrindetsein
1317 2414 1436 2498 (φλεγ-

191 2521 331 2602 μαίνειν)
360 2521 407 2584 als
431 2521 530 2601 Folge
560 2521 776 2605 δεεφλέγμα
805 2522 1006 2602 angesehen:
1041 2519 1248 2604 ἢνόἀρχύς
1270 2517 1438 2605 φλεγμηνη

192 2623 244 2684 καὶ
274 2621 399 2706 ὀδύνην
428 2623 483 2709 ἔχη
510 2626 564 2686 καί
591 2626 732 2707 πυρετός
756 2675 763 2690 .
788 2675 795 2689 .
821 2675 827 2689 .
852 2675 860 2688 .
884 2626 937 2686 καί
963 2625 1066 2708 μηδὲν
1095 2623 1265 2709 ύποχωρέη
1291 2623 1344 2685 καὶ
1366 2619 1436 2687 dno*

191 2728 251 2789 τού
273 2725 457 2809 φλέγματος
481 2728 576 2812 δοκέη
598 2728 713 2803 ἐξιέναι
737 2728 755 2809 ἡ
779 2729 855 2813 ἕδρη
878 2779 960 2793 ....
984 2728 1082 2791 τοῦτο
1104 2727 1142 2792 τύ
1159 2726 1287 2810 νόσημα
1301 2730 1435 2806 γίνεται,

193 2823 272 2892 ι’ταν
295 2829 424 2911 φλέγμα
446 2828 478 2904 ές
500 2830 560 2894 τὸν
581 2829 684 2914 οἷρχὸν
707 2833 919 2915 καταστηρίξη
940 2829 975 2893 ἐκ
997 2831 1055 2894 τοῦ
1078 2829 1236 2911 σώματος.
1282 2832 1436 2912 συμφέρει

193 2931 231 2996 δέ
244 2932 286 2994 τὰ
307 2932 432 3016 θερμά·
457 2933 595 2998 δύναται
610 2934 671 3017 γάρ
686 2934 765 2997 τάδε
779 2935 1030 3019 προσφερόμενα
1044 2933 1215 2998 λεπτύνειν
1229 2935 1283 2995 καὶ
1297 2932 1437 3017 έκτίμτειν

192 3035 229 3099 τὸ
254 3035 382 3119 φλέγμα
404 3038 458 3099 καὶ
480 3039 548 3119 ἅμα
571 3045 614 3122 τῷ
638 3039 745 3122 δριμεῖ
765 3039 801 3101 τὸ
824 3038 970 3122 ἁλμυρὸν
989 3037 1179 3119 έξοδατούν,
1201 3039 1282 3100 ὥστε
1295 3037 1338 3120 μὴ
1352 3035 1437 3100 εἶναι

192 3140 229 3203 τὸ
260 3144 369 3221 καῦμα
396 3140 478 3224 μηδὲ
504 3142 593 3225 δῆξίν
619 3165 693 3206 τινα
718 3142 753 3206 έν
781 3142 826 3226 τῷ
851 3142 976 3229 έντέρφ.
1021 3145 1057 3208 In
1086 3165 1123 3209 π.
1147 3141 1272 3205 παθῶν
1297 3142 1374 3222 liegi
1401 3161 1436 3205 es

192 3246 330 3310 ebenso:
364 3244 404 3329 ἢν
437 3244 473 3308 δὲ
506 3245 546 3307 τά
575 3245 669 3330 παρὰ
694 3247 751 3330 τὴν
778 3247 931 3333 φάρυγγα
959 3246 1135 3332 φλεγμήνη,
1168 3242 1437 3328 άναγαργαρίζειν

192 3348 265 3434 χρή·
294 3351 415 3427 γίνεται
443 3348 480 3412 δέ
506 3351 560 3412 οιαὶ
587 3351 689 3414 ταῦτα
717 3326 787 3415 άπὸ
818 3350 1012 3435 φλέγματος.
1058 3354 1096 3435 ἢν
1120 3349 1157 3412 δὲ
1184 3349 1225 3410 τὰ
1252 3337 1334 3412 οὖλα
1360 3347 1380 3430 ἢ
1406 3370 1438 3410 τι

192 3458 257 3515 τῶν
280 3450 346 3514 ύπό
369 3460 408 3538 τῇ
430 3451 554 3540 γλώσσῃ
577 3453 767 3540 φλεγμαίνη,
790 3453 1038 3536 διαμασσητοῖσι
1060 3451 1217 3537 χρῆσθαι·
1240 3444 1311 3513 άπὸ
1332 3449 1436 3530 φλέγ-

193 3579 293 3636 ματος
322 3555 357 3618 di
385 3558 439 3618 καὶ
466 3561 569 3618 ταῦτα
597 3560 719 3636 γίνεται
748 3557 833 3638 (0.4
861 3558 895 3622 L.
920 3557 960 3620 Vl
987 3557 1020 3623 S.
1044 3557 1121 3628 2123
1152 3555 1215 3636 vgl.
1247 3574 1273 3619 c.
1298 3553 1340 3619 35
1367 3551 1435 3636 φύ-

192 3658 299 3740 γεθλα
324 3711 405 3726 ....
428 3657 497 3723 ύπὸ
521 3659 704 3741 φλέγματος
732 3659 860 3744 φύεται)
867 3687 878 3738 ,·
903 3661 1031 3745 φλέγμα
1053 3661 1122 3725 und
1145 3657 1284 3743 πυρετός
1303 3657 1437 3722 werden

193 3764 227 3828 in
251 3762 463 3848 Verbindung
497 3764 663 3843 gebracht,
698 3765 784 3828 denn
813 3765 1032 3845 Enizdndung
1063 3765 1172 3844 bringi
1201 3763 1317 3827 Fieber
1345 3762 1385 3844 (c.
1416 3762 1438 3825 9

194 3865 462 3949 περιπλεομονίη·
492 3867 631 3950 πυρετὸς
657 3870 739 3948 ἴσχει
765 3869 819 3930 καὶ
844 3866 918 3949 βύξ·
949 3869 1002 3931 καὶ
1027 3867 1295 3951 ἆποχρέμπτεται
1317 3866 1353 3929 τδ
1378 3864 1439 3949 μὲν

116 4018 119 4022 »
194 3975 327 4054 πρῶτον
354 3969 484 4053 φλέγμα
510 3970 602 4052 παχύ
628 3973 682 4033 καὶ
705 3971 865 4056 καθαρὸν,
893 3976 963 4057 ἕκτη
987 3971 1023 4035 δὲ
1045 3974 1099 4034 καὶ
1121 3969 1245 4057 ἑβδόμη
1267 3967 1438 4048 ύπόχολον

284 4128 303 4196 ¹)
322 4129 415 4184 Dafiir
438 4129 510 4183 wird
534 4129 563 4181 in
588 4144 616 4180 τι.
635 4127 727 4197 ὑγρῶν
747 4127 856 4196 χρήσιος
878 4127 951 4182 auch
974 4127 1023 4180 bei
1047 4127 1103 4180 den
1122 4124 1274 4180 Gelenken
1297 4124 1439 4193 φλεγμονὴ

194 4219 295 4287 geeagt
317 4214 354 4284 (ο.
372 4215 395 4271 5.
415 4215 449 4269 L.
467 4215 509 4270 VI
527 4212 556 4268 S.
577 4213 646 4283 132).
682 4213 729 4267 An
753 4214 849 4268 soleba
875 4212 986 4268 Stellen
1010 4212 1062 4267 hat
1085 4214 1144 4267 aleo
1169 4211 1262 4266 Galen
1285 4209 1317 4278 (e.
1342 4207 1371 4265 S.
1390 4209 1438 4280 87)

194 4303 327 4374 gedaeht.
