3120 4928
658 401 897 465 -191-

151 592 336 658 Parallelen
366 591 456 655 seien
483 594 580 655 uniet·
603 591 678 655 dem
701 589 805 653 Texte
838 589 890 653 die
914 590 1197 672 entsprechenden
1221 591 1317 657 Sfitze
1341 593 1399 657 des

153 695 404 762 Pneumatikers
428 694 608 759 Athenaios
631 692 863 773 hinzugeffigt:

680 816 723 878 im
738 813 880 879 Winter:

196 937 330 1021 πρῶτον
345 936 404 1019 μὲν
415 939 582 1023 μονοσιτλῃ
596 936 655 1020 χρὴ
673 932 749 998 διά-

151 1063 234 1119 γειν,
262 1040 301 1122 ἢν
323 1041 367 1124 μὴ
396 1038 484 1103 πάνυ
507 1038 603 1122 ξηρὴν
625 1060 672 1111 τις
693 1036 751 1120 τὴν

152 1141 279 1226 κοιλίην
306 1141 376 1229 ἔχῃ·
410 1143 450 1227 ἢν
484 1142 518 1207 δὲ
551 1140 606 1225 μή,
636 1139 750 1224 μικρὸν

152 1239 304 1332 άριστῇν·

197 1667 282 1722 τοῖσι
314 1657 350 1721 δὲ
389 1657 575 1740 διαιτήμασι
607 1657 751 1741 χρῆσθαι

152 1772 239 1826 τοῖσι
268 1763 484 1845 ξηραντικοῒσι
516 1763 569 1824 καὶ
601 1764 750 1843 θερμαν-

154 1876 272 1930 τικοῖσι
316 1865 370 1927 καὶ
415 1874 655 1947 σνγκομιστοΐσι
698 1863 752 1927 καὶ

152 1963 333 2053 ἀκρήτοισι·

198 2071 362 2157 άρτοσιτίῃ
385 2069 422 2132 δὲ
444 2069 585 2152 μᾶλλον·

198 2175 253 2237 καὶ
281 2184 365 2238 τοῖσι
398 2171 530 2237 όπτοτσι
557 2178 622 2237 τῶν
654 2173 753 2259 ὄψων

153 2277 283 2362 μᾶλλον
305 2281 325 2361 ἢ
346 2276 497 2359 ἑφθοῖσι·

200 2485 254 2548 καὶ
266 2494 350 2548 τοῒσι
362 2483 486 2566 πόμασι
497 2482 641 2566 μέλασιν,
657 2484 752 2569 ἁκρη-

156 2592 333 2674 τεστέροισι
352 2589 405 2650 καὶ
428 2587 590 2651 ἑλάσσοσι·

199 2896 372 2978 λαχάνοισι
383 2897 427 2972 ιδς
441 2899 554 2980 ἥκιστα
569 2895 656 2981 πλὴν
670 2907 754 2960 τοῖσι

135 3004 403 3082 ,θερμαντικοϊσι
429 3003 482 3064 καὶ
512 3004 633 3086 ξηροΐσι
656 3001 753 3083 (dazu

158 3104 306 3186 gehfiren
329 3106 413 3170 nach
429 3125 456 3171 c.
472 3107 515 3168 54
531 3107 595 3170 fast
611 3105 672 3170 alle
687 3123 753 3168 von

156 3206 290 3272 Diokles
313 3208 570 3292 aufgesfihrten).

846 935 892 1016 (S.
918 934 992 1016 178)
1016 936 1069 997 καὶ
1093 935 1170 1010 τοὺς
1197 938 1256 1018 μὲν
1278 932 1398 1020 εόσάρ-

802 1059 878 1110 κους
900 1038 953 1099 καὶ
974 1034 1093 1120 δγροὺς
1115 1037 1266 1122 ἁρμόττει
1285 1065 1319 1104 τε
1333 1065 1397 1123 μο-

802 1151 942 1204 νοσιτεῖν
953 1128 1152 1222 ἀρξαμένους
1162 1142 1232 1207 άπὸ
1241 1145 1400 1220 πλειάδος

804 1243 925 1315 δύσεως
947 1248 1006 1316 ἓως
1027 1241 1181 1327 ἐπιτολής
1205 1249 1280 1329 (vgl.
1304 1271 1341 1312 π.
1367 1249 1398 1311 δ.

803 1347 836 1410 S.
859 1347 932 1423 598,
949 1348 983 1423 93
1007 1348 1083 1428 600,
1105 1350 1159 1434 1Ἱ)
1183 1350 1259 1424 τοὺς
1276 1350 1312 1412 δὲ
1326 1350 1398 1415 λοι-

802 1449 887 1521 ποὺς
924 1449 1060 1530 άριστάν
1095 1452 1248 1536 ἁρμόττει
1284 1455 1401 1537 μικρόν

803 1551 893 1635 ὄψον
916 1551 1053 1628 ἔδοντας
1075 1601 1246 1621 ......

845 1657 895 1738 (S.
921 1659 996 1739 173)
1020 1658 1079 1720 τοῦ
1101 1658 1161 1739 μὲν
1182 1662 1303 1744 θέρους
1318 1660 1400 1723 εἶναι

806 1761 877 1844 (τὴν
915 1760 1058 1844 δίαιταν)
1101 1763 1146 1845 μὴ
1180 1763 1401 1847 θερμαντικὴν

804 1863 885 1946 μηδὲ
900 1863 1102 1947 ξηραντικήν,
1118 1872 1177 1928 τοῦ
1193 1865 1230 1928 δέ
1243 1873 1400 1948 χειμῶνος

804 1965 882 2050 μήτε
898 1967 1056 2053 ψυκτικόν
1070 1969 1150 2054 μήτε
1167 1968 1366 2055 ἁγραντικὴν.
1376 1971 1400 2053 1)

850 2071 896 2152 (S.
922 2071 997 2156 179)
1021 2071 1122 2136 πλείω
1147 2073 1183 2137 δὲ
1210 2074 1268 2138 τὸν
1290 2074 1400 2158 ἄρτον.

849 2173 895 2255 (S.
920 2174 996 2258 180)
1019 2178 1074 2238 καὶ
1095 2177 1160 2240 τάν
1182 2178 1290 2242 ἄλλων
1306 2178 1402 2260 ὄψων
1452 2217 1454 2223 ·

804 2273 947 2357 μάλιστα
969 2278 1010 2339 τὰ
1032 2278 1120 2340 ὀπτά
1137 2281 1202 2344 τῶν
1216 2280 1333 2365 ἑφθῶν
1348 2282 1401 2342 καὶ

805 2378 889 2454 ὅλως
900 2380 941 2442 τά
956 2380 1112 2464 ξηρότερα
1131 2388 1196 2447 τῶν
1211 2382 1400 2468 δγροτέρων.
1521 2381 1524 2385 ’

849 2483 894 2564 (S.
931 2485 1006 2566 180)
1046 2489 1153 2549 πίνειν
1189 2485 1224 2550 ἕν
1261 2486 1321 2568 μὲν
1358 2493 1402 2568 τῷ

807 2585 930 2672 δείπνῳ
969 2589 1061 2651 οἶνον
1097 2588 1231 2672 μέλανα,
1269 2587 1401 2670 λεπτόν,

804 2682 1090 2775 ἡσυχῇμαλακόν,
1114 2695 1158 2776 μὴ
1179 2696 1264 2768 νέον,
1288 2692 1400 2774 κιρνά-

805 2817 904 2876 μενον
926 2793 1042 2876 μικρὸν
1063 2795 1336 2879 ἀκρατέστερονά)

849 2898 895 2982 (S.
927 2898 1002 2982 179)
1033 2897 1162 2979 λάχανα
1195 2900 1232 2963 δέ
1267 2900 1303 2964 τό
1343 2900 1402 2981 μέν

805 3001 885 3065 ὅλον
911 3005 970 3065 τοῦ
997 3007 1155 3084 χειμῶνος
1182 2993 1354 3088 <ἧττον>3)
1382 3005 1402 3086 ἢ

805 3104 865 3167 τοῦ
908 3108 1030 3190 θέρους
1071 3105 1195 3171 ἐσθίειν
1236 3105 1401 3190 ἁρμόττει·

804 3206 943 3290 μάλιστα
977 3209 1013 3272 δέ
1047 3207 1179 3273 εόθενεῒ
1209 3213 1273 3273 τῶν
1305 3205 1403 3292 ω’μῶν

805 3311 967 3394 πήγανον,
991 3311 1149 3393 εὔζωμον,
1176 3311 1324 3396 ῥάφανος
1346 3335 1400 3374 τε-

711 3430 713 3436 ·
804 3415 935 3478 λευταία
972 3414 1215 3499 λαμβανομένη·
1261 3419 1325 3477 τῶν
1366 3414 1402 3476 δὲ

152 3830 365 3840 ----

804 3516 922 3602 ὲφδῶν
937 3518 1073 3601 κράμβη,
1083 3518 1109 3601 4)
1132 3517 1302 3599 λάπαθον,
1319 3540 1400 3596 γογ·

805 3623 884 3706 γόλη
907 3668 915 3684 .
941 3676 947 3687 .
973 3673 980 3688 .
1005 3668 1012 3684 .
1042 3620 1194 3706 ἁρμόττει
1223 3620 1260 3683 δὲ
1287 3619 1403 3682 καὶτὰ

807 3725 949 3809 σκόροδα
978 3726 1031 3788 καὶ
1060 3725 1102 3788 τά
1125 3724 1275 3808 κρόμμυα
1302 3725 1354 3786 καὶ
1384 3722 1402 3786 ό

248 3895 267 3964 Ι)
286 3894 448 3951 Athenaios
470 3896 597 3951 schreibt
620 3896 661 3965 (S.
682 3899 756 3970 183):
779 3902 808 3952 ἐν
830 3900 881 3969 μὲν
900 3895 947 3950 οὖν
965 3901 1000 3967 τῷ
1017 3900 1133 3966 χειμῶνι
1152 3937 1158 3950 .
1178 3936 1184 3949 .
1204 3937 1210 3949 .
1231 3937 1237 3950 .
1256 3897 1270 3960 ἡ
1289 3896 1319 3947 δὲ
1336 3896 1402 3964 ξηρὰ

153 3983 240 4052 τροφὴ
268 3982 482 4050 εὐκατέργαστος,
509 3979 538 4036 εὖ
564 3985 727 4055 ἐζυμωμένη,
755 3987 870 4054 εδοπτος,
898 3986 1009 4053 καθαρά
1033 4021 1039 4034 .
1059 4021 1065 4034 .
1086 4020 1117 4034 ..
1144 3983 1231 4051 κρεῶν
1257 3985 1288 4033 τά
1316 3981 1401 4047 πτηνά

155 4068 200 4140 (S.
222 4069 285 4136 1843
304 4067 380 4122 diese
399 4068 463 4122 sind
481 4069 556 4124 nach
575 4088 598 4124 e.
616 4072 650 4126 47
669 4072 811 4142 trockcn).

243 4151 266 4221 ²)
285 4148 358 4211 οἶνος
375 4153 472 4215 λευκὸς,
491 4154 598 4220 εὐώδης,
617 4157 731 4216 παλαιὸς
750 4196 757 4209 .
776 4197 782 4209 .

803 4197 810 4209 .
829 4197 836 4209 .
855 4154 1060 4221 καταδεέστερον
1078 4153 1109 4203 δι’
1128 4191 1135 4204 .
1205 4191 1212 4204 .

243 4239 267 4308 ⁸)
286 4238 360 4294 Vom
378 4238 580 4311 Herausgeber
598 4242 671 4297 wird
690 4242 840 4317 flilsehlich
857 4242 963 4311 μᾶλλον
981 4244 1108 4309 (πεδίον).

243 4324 266 4394 ⁴)
285 4324 457 4380 Athenaios:
476 4326 604 4395 λαχάνων
621 4327 652 4380 δι’
670 4329 786 4398 κράμβη,
804 4327 969 4396 ἀσπάραγος,
988 4325 1087 4393 πράσα,
1106 4323 1255 4393 κρόμμυον.
