3120 4928
662 399 897 464 ..200-

149 578 152 583 ¹
196 597 280 653 τοίσι
315 587 351 651 δὲ
384 586 516 653 πόνοισι
553 597 635 651 τοῖσι
672 610 750 670 τρο-
847 588 1272 669 vgl.S.172;174;178.

153 703 240 774 χοϊσι
273 691 331 775 χρὴ
362 689 588 772 γυμνάζεσθαι
614 691 669 753 καί
697 690 750 753 δι-

152 795 302 860 αύλοισιν
314 793 451 872 όλίχοισι
461 792 504 878 μὴ
516 791 623 856 πολὺν
632 792 753 877 χρόνον

153 899 208 962 καὶ
227 907 311 961 τοῖσι
331 895 562 980 περιπάτοισιν
577 895 611 960 ἐν
626 897 698 982 σκιῇ
712 900 752 982 τῇ

152 1024 186 1064 τε
220 999 308 1086 πάλῃ
341 998 376 1062 ἐν
405 998 492 1063 κόνει
521 1000 613 1073 ὅπως
638 1001 751 1062 τ’κιστα

155 1107 434 1191 διαθερμαίνοιτο.
446 1104 469 1181 ¹)
513 1124 517 1133 “

197 1257 205 1273 .
229 1255 237 1271 .
262 1255 270 1272 .
294 1253 303 1270 .
327 1207 402 1291 (vgl.
426 1227 462 1270 π.
480 1205 510 1270 δ.
527 1203 665 1288 όχιεινῆς
688 1207 750 1271 αῖ
848 1206 893 1288 (S.
919 1207 995 1292 177)
1021 1207 1103 1289 μετά
1130 1206 1168 1270 δέ
1191 1207 1229 1271 τό
1255 1207 1402 1285 δεῖπνον,

151 1313 250 1379 L.V1
277 1311 310 1376 S.
338 1309 403 1395 82).
448 1305 516 1373 άπό
547 1309 684 1373 δείπνου
715 1308 752 1372 δὲ
803 1307 879 1383 τούς
911 1307 971 1390 μὲν
1000 1309 1131 1391 ἰσχνοὺς
1159 1312 1213 1374 καῖ
1244 1311 1402 1396 φυσώδεις

153 1416 197 1498 μὴ
209 1423 414 1498 περιπατεῖν,
432 1410 502 1475 ἄλλ’
514 1414 533 1496 ἢ
544 1415 624 1477 ὅσον
635 1411 751 1488 ἐξανα-
803 1410 856 1472 καί
872 1410 915 1494 μὴ
932 1409 1054 1495 ῥᾳδίως
1068 1415 1110 1476 τά
1124 1417 1211 1476 σιτία
1224 1418 1403 1490 πέττοντας

156 1522 278 1600 στῆσαι.
305 1590 308 1595 ,
804 1513 896 1578 ἁπλοῖ
910 1538 944 1578 τε
965 1514 1213 1597 λαμβάνεινκαὶ
1229 1519 1405 1583 καθεύδειν

803 1615 919 1693 εδθιίς,
954 1619 1031 1695 τοὺς
1059 1619 1096 1683 δὲ
1122 1620 1267 1696 λοιποός
1296 1621 1405 1701 δλίχον

804 1723 858 1783 καί
873 1721 1016 1805 βραδέως
1032 1724 1307 1810 περιπατῆσαντα
1322 1720 1402 1791 άνα-

804 1824 984 1892 παύεσθαι.

198 1931 284 2015 πρωί
313 1928 352 1992 δὲ
374 1929 518 2012 χρῆσθαι
544 1938 628 1991 τοῖσι
655 1951 750 2012 περι·
847 1930 909 2010 vgl.
934 1931 966 1994 S.
993 1929 1064 1995 168.

151 2034 322 2098 ’πάτοισιν·

198 2134 310 2219 ἡλίους
332 2133 369 2197 δὲ
391 2130 620 2219 φυλάσσεσθαι
642 2135 696 2197 καί
712 2133 753 2197 τά

156 2239 267 2323 ψύχεα
295 2237 336 2300 τά
364 2234 471 2320 πρώϊα
497 2238 551 2299 καὶ
577 2236 619 2299 τὰ
643 2236 674 2311 ίς
695 2235 754 2320 τὴν

155 2342 293 2427 ἑσπέρην
316 2342 380 2405 ὅσα
398 2347 544 2422 ποταμοὶ
564 2344 584 2424 ἢ
602 2339 714 2423 λίμναι
733 2342 754 2423 ἦ

154 2450 261 2528 χίονες
283 2442 550 2527 άποπνέουσιν.2)

243 2569 378 2649 Wenige
412 2569 558 2632 starkere
584 2568 851 2650 Abweichungen
886 2569 959 2633 sind
986 2566 1201 2651 vorhanden„
1236 2570 1330 2635 Aber
1356 2571 1403 2634 die

156 2672 328 2756 speziellen
352 2671 637 2754 Kssrperfibungen
664 2671 773 2736 fehlen
803 2673 857 2737 bei
880 2672 1010 2737 Diokles
1034 2673 1105 2754 (wir
1128 2668 1264 2736 werden
1297 2676 1403 2755 spater

158 2776 272 2852 seben,
301 2777 442 2857 warum)
470 2775 539 2838 und
568 2776 619 2839 die
646 2774 947 2840 Rficksichtnahme
974 2775 1033 2840 auf
1059 2775 1227 2840 Beischlaf
1246 2777 1320 2840 und
1350 2776 1403 2839 Er·

157 2879 311 2943 brechen.
361 2878 399 2941 In
429 2876 542 2959 jenem
576 2879 617 2942 ist
645 2879 788 2943 namlich
817 2884 897 2943 stets
926 2879 1014 2943 Mass
1041 2899 1081 2943 zu
1111 2879 1269 2962 halten‚³)
1299 2881 1403 2945 dieses

157 2981 347 3063 fiberhaupt
374 3000 415 3045 zu
440 2981 661 3063 verwerfen.⁴)
705 2981 740 3045 In
765 2983 876 3047 diesen
899 2983 1052 3047 Punkten
1075 2983 1253 3065 opponiert
1276 2984 1403 3049 Diokles

156 3131 364 3143 --—-—-

248 3211 267 3281 ¹)
286 3212 458 3269 Athenaios:
482 3216 642 3282 γυμνασίοις
664 3213 694 3266 δέ
718 3215 845 3283 χρηστέον
868 3214 967 3281 ὀλίγοις
989 3213 1036 3265 καί
1058 3215 1088 3265 ἐν
1105 3215 1222 3282 σκιεροῖς
1240 3213 1334 3274 τόποις
1351 3212 1403 3266 οίον

157 3299 294 3369 περιπάτῳ
313 3338 319 3352 .
339 3337 345 3351 .
365 3338 372 3352 .
392 3337 399 3352 .
417 3298 536 3368 δρόμους
553 3299 583 3350 δέ
601 3303 647 3353 καὶ
665 3299 752 3358 πάλας
770 3299 816 3350 καί
834 3302 1009 3369 χειρονομίας
1027 3299 1158 3350 ἐκκλιτέον
1176 3299 1191 3363 ἢ
1212 3298 1309 3370 πρᾴως
1325 3298 1403 3351 τεκαὶ

157 3388 201 3438 ἐπὶ
217 3387 311 3454 ὀλίγον
329 3386 419 3445 αὐτοῖς
435 3389 563 3455 χρηστέον
581 3429 587 3440 .
607 3429 612 3440 .
630 3372 640 3439 ’.
659 3427 665 3439 .

243 3471 265 3540 ²)
284 3471 458 3526 Athenaion:
477 3472 505 3522 ἐκ
524 3471 559 3523 δέ
571 3475 623 3523 τῶν
641 3474 803 3541 νυκτερινῶν
821 3471 915 3522 όπνων
928 3471 1079 3542 διεγερτέον
1091 3471 1120 3522 ἐν
1131 3469 1189 3540 ῶρρ
1202 3472 1404 3542 καταψάχοντος

156 3561 195 3610 ἔτι
216 3561 261 3608 τοῦ
284 3559 360 3626 ἀέρος
382 3558 428 3608 καί
452 3557 519 3625 πρὸς
541 3557 600 3616 τεός
618 3557 779 3627 περιπάτους
797 3555 926 3626 όρμιχτέον
945 3597 951 3609 .
971 3597 977 3609 .
996 3597 1003 3610 .
1022 3598 1028 3610 .
1048 3556 1092 3608 δεῖ
1110 3558 1203 3607 τοίνυν
1220 3557 1288 3626 μήτε
1307 3559 1402 3609 οἰνοπο-

157 3643 255 3702 δέτους.
270 3643 332 3713 περὶ
354 3644 400 3695 τόν
422 3643 524 3712 ὄρθρον
547 3644 594 3694 καί
616 3644 644 3694 τό
668 3643 755 3708 δείλης
779 3643 913 3711 διάγειν.
933 3681 939 3694 .
958 3680 964 3693 .
984 3681 990 3694 .
1010 3643 1139 3694 ἐκκλιτέον
1162 3642 1193 3693 δέ
1217 3644 1266 3703 τὰς
1285 3645 1340 3697 ἀπό
1356 3645 1404 3695 τῶν

158 3730 287 3798 ποταμῶν
305 3730 351 3780 καί
368 3729 473 3796 λιμνῶν
492 3729 678 3788 ἀποπνεούσας
695 3729 788 3798 αὔρας.

244 3815 266 3885 ³)
286 3814 373 3871 Sonat
399 3816 495 3870 leiden
521 3816 658 3871 schaden:
687 3816 733 3871 die
757 3817 852 3886 Βῖεεε,
879 3816 926 3870 δῖε
948 3816 1055 3871 Νἰοτεο
1079 3814 1208 3886 (νεφροί),
1238 3817 1287 3872 δίε
1309 3817 1404 3888 Lunge

157 3901 320 3972 (πνεύμων),
338 3902 384 3956 die
403 3901 516 3970 Augen,
535 3904 588 3956 das
605 3903 809 3975 Rflckenmgrk
828 3900 868 3970 (S.
889 3900 959 3970 181).

245 3990 268 4059 ⁴)
287 3990 363 4057 ἐμεῖν
381 3988 412 4040 δέ
431 3989 483 4039 ἀπὸ
503 3994 575 4040 σίτου
592 3991 646 4047 τοῖς
664 3988 793 4048 εὐτάκτως
811 3991 873 4050 ζῶσι
891 3988 937 4040 καί
955 3991 993 4040 ἔτι
1011 3991 1065 4048 τοῖς
1082 3987 1188 4058 στόμασι
1208 3994 1308 4043 πονεῖν
1325 3993 1403 4044 εἰθισ-

157 4077 250 4144 μένοις
268 4075 394 4126 οάδέποτε
412 4075 515 4140 βελτίον
532 4075 613 4126 ἐστίν·
638 4075 736 4134 ίκανῶς
754 4076 809 4144 γάρ
827 4072 842 4138 ἡ
861 4075 940 4142 φάσις
956 4077 1011 4134 τοῖς
1027 4093 1054 4127 τε
1071 4076 1124 4125 τῶν
1142 4078 1237 4128 σιτίων
1255 4079 1305 4130 καί
1322 4077 1404 4130 ποτῶν

150 4156 338 4230 ’περιττώμασι
359 4161 405 4212 καί
428 4163 482 4220 τοῖς
500 4162 567 4212 κατά
586 4161 666 4231 φάσιν
685 4161 738 4212 άπδ
756 4163 802 4212 τοῦ
820 4160 941 4229 σώματος
959 4161 1184 4230 ἀποκρινομένοις
1203 4161 1345 4234 ἐξαγωγάς
1362 4180 1403 4215 πε-

158 4250 274 4312 ποίηκεν,
298 4245 362 4299 ὥστε
383 4246 471 4316 μηδὲν
492 4249 584 4317 ἐμέτου
606 4247 724 4303 δεῖσθαι.
760 4247 844 4302 Aueh
865 4247 1058 4318 Asklepiades
1080 4265 1139 4303 von
1161 4248 1258 4306 Prusa
1283 4251 1404 4309 ποτοῖο

159 4331 274 4402 Gegner
293 4333 343 4388 des
361 4334 454 4400 ἔμετος
472 4330 646 4402 (Wellmann
664 4333 712 4388 bei
731 4331 874 4388 Susemihl
893 4331 923 4386 ΙΙ
942 4331 969 4388 S.
988 4332 1060 4402 435).
