3120 4928
660 425 896 489 -ωε-

491 609 524 677 4.
559 611 626 678 Die
648 612 917 695 physikalische
939 613 1067 680 Lehre.

241 714 344 781 Zeller
371 713 499 778 batim
527 717 637 779 ersten
667 715 777 780 Buehe
805 715 857 780 die
885 717 1080 798 Benutzung
1107 720 1402 798 anaxagoreischer

155 818 259 883 Lehre
292 818 541 898 nachgewiesen
574 820 617 895 (a.
646 838 675 885 a.
705 819 742 883 0.
771 819 801 884 S.
832 818 958 901 696-f.).
1018 820 1090 885 Alle
1124 841 1189 886 von
1227 823 1296 887 ihm
1331 823 1400 887 bei·

155 920 494 1002 gebrachtervStellen
517 922 586 986 und
603 922 664 1001 die,
688 923 812 988 welche
834 924 904 989 sich
924 924 1125 1004 hinzuffigen
1140 923 1259 1003 lassen,
1284 926 1400 990 stehen

155 1026 188 1090 in
211 1025 288 1090 dem
308 1023 437 1090 Anteile
460 1024 519 1088 des
545 1025 779 1108 ›Physikers‹:

114 1184 117 1188 .
199 1129 283 1192 οὕτω
317 1127 354 1190 δὲ
386 1125 511 1190 τούτων
544 1125 686 1209 ἐχόντων
718 1129 751 1203 ἐς
846 1129 971 1194 τούτων
994 1129 1031 1193 δὲ
1054 1131 1156 1204 οὕτως
1174 1128 1318 1212 ἐχόντων
1340 1132 1400 1216 χρὴ

155 1230 283 1306 πολλάς
315 1231 368 1293 καλ
402 1229 625 1306 παντοδαπὰς
661 1232 751 1307 ἰδέας
804 1231 914 1296 δοκεῖν
931 1231 1050 1297 ίνείναι
1067 1231 1177 1297 πολλά
1191 1257 1225 1296 τε
1238 1235 1294 1296 καὶ
1309 1216 1399 1298 πανζ

154 1327 391 1420 ἀποκρίνονται
423 1331 484 1397 ἀπ’
519 1333 668 1418 ἀλλήλων
697 1336 751 1397 καί
803 1344 876 1396 τοῖα
897 1331 933 1396 ἒν
955 1340 1039 1399 πᾶσι
1061 1346 1129 1410 τοῖς
1144 1340 1401 1421 συγκεκριμένοις

155 1437 349 1522 σπερμάτων
363 1439 417 1501 καὶ
433 1436 524 1522 ζῴων
539 1435 639 1502 οδδὲν
653 1437 749 1521 δμοί-
803 1437 857 1498 καὶ
880 1440 1051 1520 σπέρματα
1073 1438 1207 1504 πάντων
1229 1439 1401 1524 χρημάτων

154 1563 201 1605 ων
216 1539 401 1625 ἆλλήλοισιν
417 1541 491 1605 οὔτε
506 1541 563 1625 τὴν
579 1543 661 1627 ὄψιν
676 1545 752 1606 οὔτε
803 1541 857 1602 καὶ
890 1540 981 1616 ἰδέας
1010 1546 1173 1617 παντοίας
1202 1543 1319 1624 ἔχοντα
1347 1544 1400 1606 καὶ

154 1644 213 1727 τὴν
236 1643 377 1727 δύναμιν
399 1647 439 1726 (ο.
465 1642 507 1727 3).
803 1643 917 1728 χροιὰς
932 1646 986 1708 καὶ
1000 1644 1124 1728 ἡδονάς
1140 1647 1213 1728 (frg.
1230 1648 1279 1730 3)·
1296 1665 1399 1730 σπερ-

803 1745 914 1828 μάτων
952 1794 961 1810 .
989 1798 996 1813 .
1026 1797 1034 1814 .
1063 1793 1071 1810 .
1112 1746 1211 1813 οὐδὲν
1249 1748 1401 1814 ἐοικότων

803 1849 954 1933 ἀλλήλοις
969 1851 1042 1933 (frg.
1059 1854 1107 1934 6)·
1131 1857 1237 1935 ἕτερον
1252 1852 1289 1916 δὲ
1304 1851 1401 1916 οόδέν

803 1952 890 2017 ἐστιν
901 1955 1018 2034 δμοιον
1028 1953 1139 2019 οὐδενὶ
1150 1955 1238 2040 ἄλλῳ
1250 1957 1322 2039 (frg.
1330 1956 1401 2040 8).¹)

199 2054 381 2122 ἀπόλλυται
391 2058 451 2139 μέν
461 2079 522 2122 νυν
533 2056 632 2122 οδδὲν
643 2055 751 2120 ἆπάν-
847 2057 883 2121 τδ
902 2055 940 2120 δὲ
954 2060 1104 2138 γίνεσθαι
1118 2060 1173 2122 καλ
1187 2057 1401 2124 ἀπόλλυσθαι

152 2183 220 2226 τιιν
246 2160 419 2246 χρημάτων
450 2160 526 2225 οὐδὲ
553 2163 674 2240 γίνεται
702 2161 752 2223 δτι
805 2157 864 2222 οόκ
890 2158 1003 2245 σ’ρθῶς
1028 2162 1218 2243 νομίζουσιν
1236 2162 1399 2247 Ἕλληνες·

152 2264 199 2350 μι)
225 2266 279 2327 καὶ
305 2263 456 2348 πρόσθεν
482 2253 536 2348 ἦν·
570 2261 750 2346 συμμισγό-
804 2260 903 2326 οὐδὲν
934 2264 997 2347 γάρ
1031 2271 1137 2350 χρῆμα
1170 2269 1292 2346 γίνεται
1322 2263 1401 2330 οόδὲ

152 2389 237 2448 μενα
260 2367 297 2431 δὲ
318 2368 372 2430 καί
391 2365 620 2452 διακρινόμενα
636 2365 751 2430 άλλοι-
804 2364 1002 2444 ἀπόλλυται,
1025 2361 1096 2431 ἀλλ’
1112 2367 1172 2432 ἀπ’
1186 2367 1305 2433 δόντων
1318 2391 1399 2453 χρη-

152 2477 261 2535 οῶται·
285 2469 449 2552 νομίζεται
472 2469 509 2534 δὲ
532 2521 539 2535 .
564 2521 571 2536 .
597 2520 605 2535 .
631 2520 638 2535 .
804 2469 915 2550 μάτων
943 2474 1156 2553 συμμίσγεταί
1182 2495 1217 2534 τε
1238 2473 1292 2534 καί
1321 2471 1399 2534 δια-

803 2574 942 2656 κρίνεται
971 2573 1044 2655 (frg.
1072 2575 1113 2640 22
1141 2575 1204 2656 vgl.
1238 2573 1342 2638 Zeller
1368 2594 1398 2641 a.

803 2696 833 2742 a.
857 2676 894 2741 O.
920 2677 952 2741 S.
976 2677 1041 2742 979
1067 2678 1112 2762 2).

199 2773 425 2864 ὀφθαλμοῖσι.
449 2780 510 2864 γάρ
564 2777 752 2843 πιστεύουσι
846 2776 1069 2864 Ἀναξαγόρας
1090 2781 1133 2854 ῶς
1154 2778 1305 2854 άσθευεϊς
1322 2778 1399 2843 δια-

153 2881 281 2965 μῶλλον
316 2883 337 2967 ἢ
372 2882 493 2971 γνώμῃ,
537 2882 598 2963 οὐχ
634 2879 752 2954 ἱκανῶς
802 2880 932 2962 βάλλων
961 2882 1033 2958 τάς
1049 2883 1228 2967 αἰσθήσεις·
1263 2881 1330 2946 όπό
1356 2880 1399 2946 οἷ-

153 2985 263 3049 ίοόσιν
285 2979 462 3072 οόδὲπερὶ
484 2990 549 3050 τῶν
571 2983 752 3070 δρεομένωυ
804 2985 1005 3071 φαυρότητος
1048 2986 1168 3065 αὐτῶν,
1218 3005 1312 3072 φησι,
1360 2985 1402 3051 οδ

153 3097 270 3173 κρίναι.
803 3089 940 3154 δυνατοί
973 3090 1068 3173 ἔσμεν
1100 3095 1220 3176 κρίνειν
1256 3090 1398 3175 τάληθές

392 3187 393 3191 ’
805 3192 880 3276 (frg.
903 3194 969 3276 25).

198 3295 250 3359 ότι
284 3282 344 3359 σόν
378 3292 570 3376 διαλέγομαι
596 3297 752 3373 γενέσθαι
846 3297 899 3359 καὶ
916 3297 1018 3370 οὕτως
1034 3300 1075 3361 δν
1090 3297 1202 3380 δρθῶς
1216 3296 1346 3361 καλοῖεν
1360 3296 1399 3361 τό

153 3395 392 3478 ἢάπολέσθαι,
415 3403 481 3461 τῶν
500 3396 634 3461 πολλῶν
649 3401 752 3460 ἕνεκεν
802 3422 836 3461 τε
857 3402 1010 3478 γίνεσθαι
1027 3401 1269 3479 συμμίσγεσθαι
1285 3399 1338 3460 καὶ
1360 3399 1397 3464 τό

151 3495 330 3583 ἑρμηνεόω·
346 3499 449 3562 ταῦτα
461 3500 498 3564 δὲ
511 3501 751 3583 συμμίσγεσθαι
803 3500 1016 3565 ἀπόλλυσθαι
1028 3501 1255 3583 διακρίνεσθαι
1264 3502 1338 3584 (frg.
1347 3504 1400 3581 22,

152 3602 209 3687 καὶ
232 3600 459 3686 διακρίνεσθαι
482 3602 579 3688 δηλῶ.
803 3607 864 3688 vgl.
889 3607 987 3671 Arist.
1012 3604 1086 3669 Met.
1110 3605 1133 3687 l,
1157 3604 1186 3668 3.
1211 3603 1311 3670 984a
1335 3606 1398 3689 11).

198 3705 443 3789 συμμισγόμενα
473 3705 509 3769 δὲ
537 3707 591 3769 καὶ
621 3706 748 3790 διακρι-
845 3707 883 3772 τό
919 3710 1070 3787 γίνεσθαι
1102 3708 1156 3771 καὶ
1183 3705 1400 3772 άπόλλυσθαι

153 3809 277 3891 νόμενα
300 3805 500 3873 οῗλλοιοόται.
802 3810 1171 3894 ταδτδνκαθόσοηκετῷ
1181 3805 1401 3875 ἀλλοιοῦσθαι

803 3915 913 3997 (Arist.
928 3935 1000 3996 gen.
1014 3918 1056 3978 et.
1073 3914 1223 3991 corr.1‚l
1241 3942 1284 3969 =
1296 3913 1400 3978 Zeller

802 4038 832 4082 a.
857 4037 886 4082 a.
912 4018 949 4084 Ο.
974 4018 1006 4082 S.
1024 4018 1097 4094 979,
1113 4017 1133 4081 3
1152 4017 1215 4098 ος).
1231 4016 1398 4099 Theophr.

804 4120 845 4184 de
867 4140 953 4184 sens.
978 4120 1035 4195 23;
1061 4121 1125 4193 31).

245 4259 264 4325 ¹)
284 4257 476 4328 Empodokles
503 4259 541 4313 ist
567 4258 754 4328 Anaxagoras
780 4274 1023 4328 vorangogangen
1049 4256 1119 4327 (ng.
1137 4275 1164 4313 v.
1190 4256 1251 4324 1853
1276 4257 1400 4327 191-2),

152 4345 301 4415 Diogenes
318 4343 432 4415 gefolgt
450 4342 515 4415 (frg.
535 4347 597 4400 6=
609 4343 701 4399 Zellor
719 4361 743 4398 a.
763 4360 787 4398 a.
807 4343 840 4398 Ο.
858 4340 919 4397 IS.
938 4344 997 4412 264,
1008 4342 1045 4412 4).
