3120 4928
670 391 905 456 -194-

206 994 285 1056 όταν
313 991 349 1056 δέ
381 991 418 1056 τό
451 992 506 1074 ἔαρ
541 990 757 1077 ἐπιλαμβάνῃ,

161 1096 200 1160 τό
223 1118 257 1158 τε
279 1095 375 1177 πόμα
390 1094 449 1178 χρὴ
470 1093 571 1158 πλέον
586 1097 757 1159 ποιεῖσθαι

161 1201 213 1262 καί
231 1196 443 1283 ὑδαρέστερον
452 1199 476 1281 ¹)
492 1199 546 1259 καὶ
561 1199 632 1262 κατ’
647 1196 758 1277 ὄλίγον

161 1305 215 1366 καί
240 1312 324 1367 τοῖσι
352 1305 479 1364 σιτίοισι
505 1301 757 1386 μαλακωτέροισι

161 1408 302 1490 χρῆσθαι
341 1407 393 1466 καὶ
426 1403 576 1468 ὄλάσσοσι
609 1406 662 1466 καί
700 1405 758 1467 τόν

160 1511 261 1594 ἄρτον
276 1506 475 1592 άφαιρέοντα
494 1507 602 1589 μάζαν
617 1525 756 1593 προστι-

160 1616 260 1677 θέναι
274 1613 328 1675 καί
343 1610 384 1674 τά
400 1613 472 1695 ὄψα
486 1609 569 1673 κατὰ
584 1612 643 1675 τόν
654 1611 758 1675 αδτόν

160 1716 272 1796 λόγον,
286 1715 320 1778 έκ
330 1719 396 1778 τῶν
407 1713 522 1778 δπτιόν
538 1714 649 1777 πάντα
663 1712 757 1799 ἑφθά

161 1821 333 1882 ποιεῖσθαι
377 1820 430 1881 καί
479 1817 651 1899 λαχάνοισι
695 1818 756 1902 ἤδη

159 1925 302 2007 χρῆσθαι
314 1928 373 1985 τοῦ
388 1910 463 2004 ἦρος
478 1919 648 2000 ὀλίγοισιν,
665 1922 756 1997 ὄπως

159 2023 191 2101 ές
213 2026 272 2109 τη“ν
294 2028 408 2108 θερίην
436 2025 667 2108 καταστήσεται
689 2027 754 2089 ὦν-

159 2131 299 2212 θρωπος
321 2131 405 2192 τοῖσί
425 2151 459 2190 τε
474 2132 602 2192 σιτίοισι
616 2129 753 2210 μαλθα-

159 2241 244 2295 κοῖσι
264 2236 346 2294 πᾶσι
361 2230 536 2317 χρεόμενος
551 2234 603 2295 καί
620 2233 755 2318 ὄψοισιν

158 2334 294 2419 ἑφθοῖσι
327 2338 381 2398 καὶ
414 2334 604 2417 λαχάνοισιν
639 2335 754 2418 ὠμοῖσι

158 2438 213 2500 καὶ
239 2437 375 2520 ἑφθοῖσι
403 2441 456 2502 καὶ
483 2449 573 2503 τοῖσι
608 2440 754 2523 πόμασιν

158 2541 201 2617 ὠς
223 2540 473 2626 ὄδαρεστάτοισι
495 2545 549 2606 καὶ
575 2544 754 2609 πλείστοισι

80 2653 83 2658 ’
156 2647 211 2708 καί

199 2750 243 2834 μὴ
275 2748 399 2834 μεγάλη
426 2747 446 2831 ἦ
475 2747 636 2833 μεταβολὴ
664 2750 752 2812 ἔσται

155 2852 310 2936 ἐξαπίνης
333 2857 494 2938 χρεομένῳ

199 2957 258 3020 τοό
279 2959 395 3040 θέρεος
411 2963 450 3044 τῃ·
465 2981 500 3019 τε
513 2956 598 3043 μάζῃ
613 2956 750 3039 μαλθα-

156 3065 196 3147 κῃ
229 3061 283 3123 καί
312 3061 357 3142 τῷ
395 3059 520 3142 πόματι
552 3059 668 3144 ὑδαρεῖ
698 3059 752 3124 καὶ

157 3163 272 3248 πολλῷ
298 3165 351 3226 καί
385 3160 489 3228 τοῖσιν
522 3166 659 3248 ὄψοισιν
687 3162 749 3247 ἑφ-

154 3271 248 3332 θοῖσι
272 3267 387 3331 πᾶσιν·

197 3995 250 4059 δεῖ
287 3993 348 4078 γάρ
385 3992 529 4078 χρῆσθαι
572 3991 747 4068 τοότοισιν,

152 4100 235 4164 ὅταν
268 4101 368 4182 θέρος
402 4085 432 4183 ᾗ,
466 4097 557 4170 ὅπως
583 4095 621 4158 τό
656 4099 748 4176 σῶμα

240 4323 260 4394 ¹)
278 4325 312 4378 R.
329 4322 508 4391 ὑδαρέστατον
527 4324 555 4377 θ.

810 578 976 654 έλάσσοσι,
1022 579 1195 660 λαχάνοισι
1243 579 1289 655 ὡς
1334 583 1406 670 ἤκι-

811 684 1264 765 στα.......596,”ί
1300 684 1409 749 πάντα

810 784 871 870 γάρ
904 789 1008 850 ταῦτα
1042 787 1199 868 ίσχναίνει
1233 789 1289 850 καί
1326 791 1403 873 θερ-

811 893 917 972 μαίνει
941 934 1079 952 .....

854 994 928 1071 600,
951 992 972 1058 8
1000 991 1035 1058 έν
1061 992 1120 1076 μέν
1145 981 1208 1059 οόν
1234 999 1277 1082 τῇ
1300 993 1408 1080 πριότῃ

809 1100 905 1182 μοίρῃ
927 1099 984 1179 (sc.
1007 1105 1067 1161 τοῦ
1089 1097 1196 1180 ἔαρος)
1221 1098 1283 1182 χρὴ
1300 1143 1407 1162 .....

809 1200 952 1285 χρῆσθαι
980 1204 1065 1264 τοῖσί
1090 1223 1124 1263 τε
1147 1203 1278 1264 σιτίοισι
1300 1199 1403 1282 μαλα-

808 1306 974 1385 κωτέροισι
986 1306 1040 1366 καὶ
1051 1306 1312 1388 καθαρωτέροισι
1326 1307 1408 1368 τοῖσί

808 1430 842 1470 τε
858 1405 986 1488 πόμασι
1001 1404 1243 1490 δδαρεστέροισι
1262 1408 1318 1470 καί
1332 1407 1403 1470 λεν·

809 1513 965 1595 κοτέροισι
988 1555 1124 1572 .....
1153 1509 1207 1572 καί
1231 1515 1288 1592 τῆς
1309 1508 1408 1592 μάζης

808 1612 882 1677 άντί
917 1613 982 1678 τιόν
1014 1612 1121 1693 ἄρτιον
1159 1616 1408 1697 προστίθεσθαι

808 1719 862 1778 καὶ
892 1722 957 1778 τῶν
989 1715 1141 1796 λαχάνων
1173 1716 1239 1781 τῶν
1273 1716 1407 1800 ἑψανιόν

809 1819 988 1903 προσάγειν
1009 1820 1062 1881 καὶ
1085 1823 1126 1882 τά
1149 1821 1222 1904 ὄψα
1246 1817 1407 1894 άνισάζειν

808 1922 849 1985 τά
870 1919 963 2006 ἑφθά
979 1933 1081 1986 τοῖσιν
1096 1920 1229 1985 ὄπτοῖσι
1245 1968 1405 1988 .......

808 2027 883 2106 600,
907 2027 946 2090 17
976 2027 1066 2100 ὄπως
1093 2025 1135 2088 άν
1162 2027 1347 2114 καταστήσῃ
1368 2026 1404 2090 τό

808 2132 901 2210 σῶμα
913 2131 1155 2212 σεσαρκωμένον
1167 2132 1302 2216 καθαρῇ
1315 2129 1403 2212 σαρκί

807 2234 860 2294 καὶ
897 2231 954 2316 την
992 2233 1121 2297 δίαιταν
1157 2232 1338 2316 μαλθακὴν
1373 2231 1406 2296 έν

806 2335 911 2420 τούτῳ
933 2343 979 2421 τῷ
1000 2336 1104 2422 χρόνῳ
1128 2338 1221 2420 μέχρι
1248 2335 1405 2410 πλειάδος

806 2441 966 2524 ἕπιτολῆς.
994 2438 1029 2503 ἐν
1044 2438 1147 2525 τοότῳ
1162 2442 1265 2525 θέρος
1280 2441 1336 2502 καί
1351 2439 1405 2523 τὴν

807 2544 936 2608 δίαιταν
959 2542 1020 2629 ἤδη
1043 2541 1096 2606 δεῖ
1108 2543 1192 2628 πρός
1207 2547 1309 2607 τοῦτο
1326 2566 1403 2606 ποι-

805 2651 930 2711 εῖσθαι·
954 2646 1015 2733 χρὴ
1038 2637 1109 2722 οόν,

850 2753 935 2836 [600
963 2753 984 2816 6
1012 2748 1055 2825 ὥς
1081 2749 1125 2833 μη
1155 2749 1318 2834 ἐξαπίνης
1348 2748 1404 2833 τὴν

806 2855 936 2918 δίαιταν
951 2852 1162 2936 μεταβάλλειν
1176 2855 1241 2936 vgl.
1258 2855 1335 2934 600,
1352 2855 1401 2939 10]

847 2956 984 3020 ἐπειδάν
1006 2957 1122 3032 πλοίας
1139 2957 1297 3045 έπιτείλῃ,
1321 2963 1399 3023 τοῖσί

803 3084 838 3123 τε
870 3065 998 3125 σιτίοισι
1030 3061 1319 3145 μαλθακωτίροισι
1350 3065 1400 3125 καί

802 3164 952 3228 έλάσσοσι
978 3168 1133 3249 χρῆσθαι,
1161 3165 1232 3228 εἶτα
1256 3174 1299 3254 τῃ·
1320 3167 1401 3252 μάζῃ

802 3269 904 3333 πλέον
933 3269 953 3352 ἢ
985 3273 1030 3353 τῷ
1057 3268 1142 3353 άρτῳ
1164 3314 1172 3330 .
1193 3313 1202 3330 .
1224 3315 1232 3332 .
1256 3315 1263 3331 .
1288 3315 1296 3332 .
1320 3279 1400 3333 τοῖσι

803 3370 840 3434 δὲ
862 3370 991 3452 πόμασι
1013 3371 1161 3454 λεοκοῖσι,
1184 3371 1399 3454 μαλθακοῐσι,

802 3473 935 3555 ὑδαρέσι
950 3521 959 3537 .
977 3521 984 3536 .
1002 3520 1010 3536 .
1028 3521 1035 3537 .
1056 3476 1109 3537 καὶ
1132 3482 1177 3559 τῷ
1192 3477 1288 3559 ποτῷ
1303 3476 1402 3559 ἱκανῷ

801 3577 858 3641 ἐπὶ
880 3583 925 3660 τῷ
947 3581 1048 3663 σίτῳ.
1073 3625 1081 3640 .
1106 3625 1114 3640 .
1138 3627 1145 3642 .
1170 3623 1178 3639 .
1204 3591 1317 3643 ,τοῖσι
1338 3581 1396 3644 λα-

802 3680 929 3762 χάνοισι
966 3693 1070 3744 τοῖσιν
1105 3678 1244 3763 ἑφθοῖσι
1278 3728 1287 3744 .
1318 3733 1325 3748 .
1353 3728 1361 3744 .
1388 3728 1396 3743 .

801 3783 902 3869 ταύτῃ
938 3791 975 3869 τῇ
1017 3784 1124 3870 διαίτῃ
1169 3789 1397 3869 προσανεχέτω

801 3891 911 3970 μέχρις
943 3885 1035 3970 η’λίου
1068 3895 1213 3972 τροπῶν,
1245 3891 1339 3964 ὅπως
1364 3889 1398 3952 έν

800 3991 905 4076 τούτῳ
918 3995 963 4075 τῷ
974 3989 1082 4078 χρόνῳ
1098 3985 1271 4074 άφαιρησει
1287 3993 1399 4057 πάντα

800 4095 864 4158 ὅσα
886 4095 967 4179 ξηρὰ
988 4096 1042 4157 καὶ
1064 4094 1175 4176 θερμὰ
1196 4096 1250 4158 καί
1274 4097 1398 4178 μέλανα
