3120 4928
656 435 698 443 -
730 396 806 481 τοο
850 433 893 442 -

196 811 223 874 ll
239 830 265 875 c.
281 809 324 873 42
345 806 444 889 πυροὶ
461 807 661 893 ἰσχυρότεροι
677 832 746 892 κρι-

152 917 228 978 θῶν
249 913 303 974 καὶ
327 909 570 998 τροφιμώτεροι.

195 1138 224 1202 Π
251 1157 277 1202 c.
309 1137 348 1200 37
379 1134 398 1220 ἡ
432 1136 520 1220 πρός
553 1139 749 1220 μεσημβρίην

153 1245 278 1324 κειμένη
301 1237 411 1322 (χώρη)
436 1241 615 1324 θερμοτέρη
643 1287 651 1302 .
676 1285 683 1300 .

155 1345 241 1409 διύτι
263 1343 419 1428 ἐγγυτέρω
443 1350 502 1406 τοῦ
523 1342 615 1427 ἡλίου
638 1342 733 1407 ἐστίν.

800 585 866 670 δσῳ
889 587 931 648 ἄν
952 584 1077 666 μᾶλλον
1091 585 1230 671 τριφθῇ,
1256 584 1395 650 δυσδια-

801 691 1004 772 χιορητοτέρα
1027 692 1149 767 γίνεται
1156 716 1167 766 ,-

843 809 971 889 xxm
1001 806 1057 870 διὰ
1084 810 1115 868 τί
1142 805 1175 869 ἐκ
1203 814 1262 869 τού
1289 814 1398 891 πυροῦ

800 914 905 998 τροφὴ
938 965 944 979 .
970 956 1009 974 ..
1037 910 1162 993 μᾶλλον
1190 909 1352 996 τρόφιμος
1379 913 1398 995 ἢ

801 1015 819 1101 ἦ
842 1015 876 1078 ἐκ
898 1014 963 1078 τῶν
985 1013 1127 1099 κριδῶνς

846 1137 944 1215 XXV,
966 1136 1006 1200 15
1029 1135 1094 1197 ἔστι
1118 1131 1155 1197 δὲ
1176 1132 1195 1215 ἡ
1216 1138 1398 1219 μεσημβρία

802 1239 1011 1325 θερμότατον
1034 1235 1143 1301 διὰτὸ
1160 1237 1243 1299 είναι
1258 1236 1396 1316 ἐγγύτα-

801 1367 860 1407 τον
882 1346 941 1405 τοῦ
964 1341 1065 1425 ιζλίου.

198 1465 225 1528 II
249 1483 274 1528 e.
299 1463 341 1528 65
365 1509 373 1525 .
397 1509 405 1526 .
429 1461 539 1526 ἔλαιον
562 1462 599 1527 δὲ
621 1465 750 1546 θερμόν

155 1615 162 1630 .
188 1615 195 1630 .
220 1615 227 1630 .
252 1614 259 1628 .
288 1575 396 1652 τρίψις
429 1565 540 1631 ἐλαίου
567 1567 626 1631 σύν
654 1567 750 1630 ύδατι

154 1670 340 1753 μαλάσσει.
365 1716 372 1731 .
398 1717 405 1732 .

848 1465 881 1542 V,
905 1464 925 1527 6
955 1461 1011 1524 διὰ
1038 1465 1069 1523 τί
1096 1459 1128 1525 οῖ
1151 1461 1250 1525 κόποι
1271 1460 1399 1543 μᾶλλον

802 1567 976 1649 παύονται,
1019 1566 1099 1629 όταν
1136 1587 1185 1638 τις
1220 1565 1265 1648 τῷ
1301 1563 1397 1651 ἐλαίῳ

803 1672 890 1756 ὕδωρ
914 1671 1073 1753 συμμίξας
1095 1669 1321 1754 α’νατρίψεταις
1339 1715 1347 1732 .
1364 1714 1396 1730 ..

802 1775 927 1858 μᾶλλον
950 1763 1010 1839 ούν
1032 1772 1227 1855 μαλάττεται
1250 1770 1287 1836 τό
1306 1771 1398 1855 σῶμα

804 1926 811 1942 .
836 1924 844 1941 .
868 1923 876 1940 .
904 1876 977 1941 ἐπεὶ
1005 1875 1041 1940 τό
1071 1873 1181 1938 ἔλαιόν
1208 1874 1274 1939 ἐστι
1304 1875 1398 1959 φύσει

802 1982 1027 2068 θερμόν...
1053 1979 1117 2061 vgl.
1140 1980 1166 2058 Ι,
1191 1980 1241 2045 39.

197 2100 259 2181 vgl.
277 2101 362 2165 auch
385 2100 516 2165 110.54
538 2101 602 2164 ὅσα
624 2099 660 2163 δὲ
682 2099 750 2186 δρι-

154 2206 217 2285 μέα
239 2203 293 2265 καὶ
314 2201 451 2278 εύιύδεα,
476 2201 626 2287 ούρείται.

846 2103 869 2182 Ι,
897 2103 940 2168 48
974 2101 1031 2164 διὰ
1064 2104 1095 2163 τί
1128 2100 1169 2162 τὰ
1201 2099 1260 2182 μὲν
1293 2093 1399 2184 εύώδη

804 2198 974 2290 οὐρητικός
997 2206 1059 2285 vgl.
1082 2205 1149 2282 XII,
1174 2206 1227 2282 123
1252 2205 1322 2283 XX,
1348 2205 1397 2269 16.

242 2326 302 2389 Ein
332 2325 471 2389 anderes
507 2326 565 2390 der
594 2327 768 2393 Probleme
796 2329 838 2392 ist
866 2347 926 2391 aus
957 2326 1166 2408 Theophrast
1194 2325 1248 2402 (de
1276 2325 1397 2390 sudore

154 2450 180 2495 c.
206 2429 247 2494 39
259 2429 313 2511 W)
338 2448 545 2510 genommen,
569 2431 630 2495 wie
654 2432 706 2495 die
730 2429 1071 2510 Zusammenstellung
1094 2429 1192 2493 lehrt:

198 2544 229 2612 οἳ
263 2547 299 2611 δὲ
332 2546 367 2612 ἐν
400 2544 515 2634 ίματίῳ
548 2548 666 2634 δρόμοι
695 2550 749 2612 καὶ
844 2548 1028 2633 (XXXVIII,
1056 2548 1103 2628 3):
1135 2546 1191 2610 διὰ
1220 2550 1251 2609 τί
1278 2546 1310 2610 οἱ
1338 2547 1396 2629 μὲν

152 2650 284 2739 ἱδρῶτες
311 2655 364 2716 καὶ
392 2651 502 2716 ἐλαίου
531 2645 678 2740 ἆλείψεις
704 2655 749 2728 είς
800 2652 835 2717 όν
850 2649 966 2737 ίματίῳ
983 2650 1098 2736 δρόμοι
1114 2651 1165 2713 καὶ
1181 2650 1201 2735 ἦ
1216 2651 1276 2714 τοῦ
1288 2650 1398 2716 ἐλαίου

154 2757 283 2841 ἱμάτιον
306 2759 426 2842 ἄχρους
450 2762 594 2833 ποιοῦσι,
621 2757 703 2823 διότι
730 2758 749 2842 ἦ
801 2757 845 2831 είς
879 2755 1009 2838 ἱμάτιον
1038 2765 1140 2838 χρίσις
1167 2757 1288 2841 ἄχροσς
1315 2759 1399 2838 (Ya)

153 2863 286 2948 εύχροια
312 2867 434 2942 γίνεται
466 2863 509 2927 δι’
531 2864 702 2941 εὔπνοιαν,
730 2864 749 2949 ἦ
803 2871 894 2926 ποιεί
907 2859 950 2946 [οἱ
967 2861 1003 2925 δὲ
1015 2861 1132 2942 γυμνοὶ
1146 2859 1261 2944 δρόμοι
1277 2861 1398 2946 ἄχροος

155 2965 191 3029 δό
224 2967 342 3051 ἄχροια
371 2967 429 3031 διὰ
456 2968 514 3051 τὴν
540 2966 749 3045 κατάπνιξιν
803 2988 867 3033 om.
896 2971 926 3029 Y
929 2967 959 3052 a]
988 2966 1008 3049 ἢ
1035 2968 1086 3030 δτι
1115 2964 1134 3049 ἦ
1166 2964 1225 3047 μὲν
1258 2969 1399 3031 εύττνοια

156 3073 478 3154 σονθερμαινόμενον
518 3072 578 3156 γὰρ
616 3075 670 3136 καὶ
706 3074 749 3158 μὴ
802 3073 953 3156 εὔχροιαν
976 3079 1076 3145 ποιεί,
1107 3068 1185 3152 ἡδὲ
1207 3066 1399 3143 κατόπνιξις

156 3175 404 3256 διαψυχόμενον
426 3180 463 3239 τύ
486 3176 636 3262 ἑπιτολῆς
653 3176 751 3261 ύχρὸν
802 3175 1010 3252 τούναντίονς
1040 3171 1097 3237 διὰ
1123 3173 1163 3260 δή
1193 3173 1229 3237 τό
1255 3174 1396 3255 σννόερ-

154 3279 292 3364 ἄχροιαν
327 3289 430 3342 ποιεί·
464 3287 560 3344 τοῦτο
597 3281 632 3344 δὲ
667 3299 748 3363 σνμ-
803 3279 1001 3360 μαινόμενον
1034 3279 1070 3341 τὸ
1107 3276 1259 3360 ἐπιτολῆς
1297 3274 1399 3360 ύγρόν

155 3386 258 3464 βαίνει
281 3383 334 3444 καὶ
357 3382 478 3447 ἐκτῶν
501 3384 632 3468 δρόμων
649 3385 701 3446 καὶ
717 3384 751 3446 ἐκ
803 3382 846 3467 μὴ
874 3381 1102 3465 διαψύχεσθαι
1136 3383 1273 3466 ἄχροιαν
1300 3388 1398 3445 ποιεί.

154 3489 209 3567 τῆς
243 3484 468 3573 ύιταλείψεως·
504 3484 535 3552 οἳ
568 3487 605 3551 δύ
634 3488 751 3569 γυμνοὶ
803 3487 903 3570 ἄμφω
927 3486 963 3550 δὲ
985 3484 1105 3550 ταύτὸν
1127 3493 1227 3562 ποιεί,
1257 3486 1276 3568 ἦ
1300 3484 1334 3548 όν
1356 3485 1400 3568 τῷ

156 3589 274 3673 δρόμοι
298 3591 353 3654 διὰ
376 3585 569 3656 τούναντίον
583 3593 750 3676 εὔχροιαν·
803 3591 920 3676 ἱματίῳ
941 3591 1038 3665 ἴδισις
1053 3593 1107 3652 καὶ
1122 3589 1140 3674 ἡ
1157 3591 1201 3663 είς
1217 3588 1253 3652 τὸ
1270 3585 1400 3671 ἱμάτιον

154 3695 338 3779 καταψύχει
361 3695 421 3778 γὰρ
445 3694 463 3758 ὅ
486 3696 550 3781 ἀήρ
573 3695 631 3769 τὰς
658 3715 749 3759 σννι-
804 3695 946 3779 ἄλειψις·
984 3693 1241 3773 ἐγκατακλείεται
1281 3695 1342 3777 γὰρ
1380 3691 1399 3771 δ

155 3802 313 3880 σταμένας
335 3798 486 3882 ἐκκρίσεις
508 3802 561 3862 καί
585 3802 725 3868 διαπνεῖ.
804 3797 981 3883 θερμότης·
1014 3796 1045 3861 οἳ
1073 3797 1109 3860 δὲ
1139 3798 1256 3878 χομνοὶ
1281 3796 1400 3880 δρόμοι

800 3904 938 3988 εύχροον
965 3905 1015 3984 (Y
1015 3905 1047 3981 a)
1077 3905 1211 3964 ποιοῦσι
1240 3901 1296 3963 διὰ
1318 3923 1397 3964 τοο-

799 4010 945 4081 ναντίον,
963 4009 1012 4069 ότι
1027 4003 1211 4085 καταψύχει
1228 4002 1245 4066 ὃ
1262 4004 1324 4090 ἀὴρ
1339 4005 1399 4078 τὰς

800 4111 1031 4191 συνισταμένας
1059 4106 1209 4191 ἐκκρίσεις
1236 4109 1290 4170 καί
1313 4107 1396 4194 ζδια-

800 4224 878 4277 nm
898 4213 933 4277 ιι
960 4217 1062 4293 σῶμα.
1107 4212 1169 4291 vgl.
1197 4212 1233 4295 11,
1259 4212 1310 4277 30.
1366 4197 1377 4213 ⁸
