<?xml version="1.0" encoding="UTF-8"?>
<!DOCTYPE html PUBLIC "-//W3C//DTD XHTML 1.0 Transitional//EN"
    "http://www.w3.org/TR/xhtml1/DTD/xhtml1-transitional.dtd">
<html xmlns="http://www.w3.org/1999/xhtml" xml:lang="en" lang="en">
 <head>
  <title>
</title>
<meta http-equiv="Content-Type" content="text/html;charset=utf-8" />
  <meta name='ocr-system' content='tesseract 3.04.00' />
  <meta name='ocr-capabilities' content='ocr_page ocr_carea ocr_par ocr_line ocrx_word'/>
</head>
<body>
  <div class='ocr_page' id='page_1' title='image "./hippokratischeu00friegoog/hippokratischeu00friegoog_0132.png"; bbox 0 0 3120 4928; ppageno 0'>
   <div class='ocr_carea' id='block_1_1' title="bbox 658 401 893 465">
    <p class='ocr_par' dir='ltr' id='par_1_1' title="bbox 658 401 893 465">
     <span class='ocr_line' id='line_1_1' title="bbox 658 401 893 465; baseline 0.013 -3"><span class='ocrx_word' id='word_1_1' title='bbox 658 401 893 465; x_wconf 84' lang='lat'>-119-</span> 
     </span>
    </p>
   </div>
   <div class='ocr_carea' id='block_1_2' title="bbox 154 584 1542 672">
    <p class='ocr_par' dir='ltr' id='par_1_2' title="bbox 154 584 1542 672">
     <span class='ocr_line' id='line_1_2' title="bbox 154 584 1542 672; baseline 0.005 -24"><span class='ocrx_word' id='word_1_2' title='bbox 154 587 352 671; x_wconf 76' lang='grc' dir='ltr'><strong><em>συμφέρει.</em></strong></span> <span class='ocrx_word' id='word_1_3' title='bbox 409 585 444 651; x_wconf 84' lang='grc' dir='ltr'>εί</span> <span class='ocrx_word' id='word_1_4' title='bbox 479 584 522 650; x_wconf 78' lang='grc' dir='ltr'>δὲ</span> <span class='ocrx_word' id='word_1_5' title='bbox 559 587 687 671; x_wconf 89' lang='grc' dir='ltr'>ὅμοια</span> <span class='ocrx_word' id='word_1_6' title='bbox 715 587 843 668; x_wconf 85' lang='grc' dir='ltr'>πάντα</span> <span class='ocrx_word' id='word_1_7' title='bbox 887 586 1069 672; x_wconf 80' lang='grc' dir='ltr'>ποιήσειέ</span> <span class='ocrx_word' id='word_1_8' title='bbox 1110 610 1184 664; x_wconf 88' lang='grc' dir='ltr'>τις,</span> <span class='ocrx_word' id='word_1_9' title='bbox 1231 589 1300 653; x_wconf 87' lang='grc' dir='ltr'>ούκ</span> <span class='ocrx_word' id='word_1_10' title='bbox 1344 592 1398 654; x_wconf 82' lang='grc' dir='ltr'>έτι</span> <span class='ocrx_word' id='word_1_11' title='bbox 1469 607 1470 610; x_wconf 74' lang='grc'>’</span> <span class='ocrx_word' id='word_1_12' title='bbox 1537 591 1542 597; x_wconf 74' lang='grc'>’</span> 
     </span>
    </p>
   </div>
   <div class='ocr_carea' id='block_1_3' title="bbox 151 687 1451 3726">
    <p class='ocr_par' dir='ltr' id='par_1_3' title="bbox 152 687 1398 876">
     <span class='ocr_line' id='line_1_3' title="bbox 152 687 1398 774; baseline 0.004 -22"><span class='ocrx_word' id='word_1_13' title='bbox 152 691 299 772; x_wconf 78' lang='grc' dir='ltr'>τέρψις.</span> <span class='ocrx_word' id='word_1_14' title='bbox 367 687 407 751; x_wconf 76' lang='grc' dir='ltr'>αἳ</span> <span class='ocrx_word' id='word_1_15' title='bbox 452 689 640 753; x_wconf 78' lang='grc' dir='ltr'>πλεῖσται</span> <span class='ocrx_word' id='word_1_16' title='bbox 677 691 903 774; x_wconf 75' lang='grc' dir='ltr'>μεταβολαί</span> <span class='ocrx_word' id='word_1_17' title='bbox 948 693 1011 754; x_wconf 79' lang='grc' dir='ltr'>καί</span> <span class='ocrx_word' id='word_1_18' title='bbox 1062 691 1398 758; x_wconf 11' lang='grc' dir='ltr'>πολλυειιίέσταται</span> 
     </span>
     <span class='ocr_line' id='line_1_4' title="bbox 153 792 546 876; baseline 0.008 -22"><span class='ocrx_word' id='word_1_19' title='bbox 153 792 322 876; x_wconf 82' lang='grc' dir='ltr'>μάλιστα</span> <span class='ocrx_word' id='word_1_20' title='bbox 347 795 546 876; x_wconf 78' lang='grc' dir='ltr'><strong><em>τέρπουσι.</em></strong></span> 
     </span>
    </p>

    <p class='ocr_par' dir='ltr' id='par_1_4' title="bbox 152 893 1433 1295">
     <span class='ocr_line' id='line_1_5' title="bbox 241 893 1396 987; baseline 0.003 -24"><span class='ocrx_word' id='word_1_21' title='bbox 241 901 377 983; x_wconf 78' lang='grc' dir='ltr'>μάγειροι</span> <span class='ocrx_word' id='word_1_22' title='bbox 407 895 470 982; x_wconf 75' lang='grc' dir='ltr'>όψοι</span> <span class='ocrx_word' id='word_1_23' title='bbox 498 901 695 972; x_wconf 74' lang='grc' dir='ltr'>σκευάζουσιν</span> <span class='ocrx_word' id='word_1_24' title='bbox 725 900 927 983; x_wconf 71' lang='grc' dir='ltr'>ἀνθρώποισι·</span> <span class='ocrx_word' id='word_1_25' title='bbox 957 900 1111 986; x_wconf 82' lang='grc' dir='ltr'>διαφόρων</span> <span class='ocrx_word' id='word_1_26' title='bbox 1136 900 1302 987; x_wconf 87' lang='grc' dir='ltr'>συμφόρων</span> <span class='ocrx_word' id='word_1_27' title='bbox 1326 893 1396 966; x_wconf 88' lang='grc' dir='ltr'>παν-</span> 
     </span>
     <span class='ocr_line' id='line_1_6' title="bbox 152 1001 1433 1092; baseline 0.003 -27"><span class='ocrx_word' id='word_1_28' title='bbox 152 1001 271 1066; x_wconf 86' lang='grc' dir='ltr'>τοδαπὰ</span> <span class='ocrx_word' id='word_1_29' title='bbox 299 1001 513 1086; x_wconf 71' lang='grc' dir='ltr'>συγκρίνοντες,</span> <span class='ocrx_word' id='word_1_30' title='bbox 543 1002 577 1065; x_wconf 88' lang='grc' dir='ltr'>ἐκ</span> <span class='ocrx_word' id='word_1_31' title='bbox 603 1006 663 1065; x_wconf 81' lang='grc' dir='ltr'>τῶν</span> <span class='ocrx_word' id='word_1_32' title='bbox 694 1002 794 1066; x_wconf 82' lang='grc' dir='ltr'>αὐτῶν</span> <span class='ocrx_word' id='word_1_33' title='bbox 823 1003 859 1065; x_wconf 83' lang='grc' dir='ltr'>οὐ</span> <span class='ocrx_word' id='word_1_34' title='bbox 892 1005 928 1067; x_wconf 84' lang='grc' dir='ltr'>τὰ</span> <span class='ocrx_word' id='word_1_35' title='bbox 955 1004 1044 1068; x_wconf 85' lang='grc' dir='ltr'>αὐτοί·</span> <span class='ocrx_word' id='word_1_36' title='bbox 1082 1007 1193 1092; x_wconf 85' lang='grc' dir='ltr'>βρῶσιν</span> <span class='ocrx_word' id='word_1_37' title='bbox 1227 1007 1276 1068; x_wconf 83' lang='grc' dir='ltr'>καὶ</span> <span class='ocrx_word' id='word_1_38' title='bbox 1309 1005 1433 1069; x_wconf 75' lang='grc' dir='ltr'>πόσινο</span> 
     </span>
     <span class='ocr_line' id='line_1_7' title="bbox 153 1104 1397 1193; baseline 0.001 -23"><span class='ocrx_word' id='word_1_39' title='bbox 153 1106 319 1190; x_wconf 80' lang='grc' dir='ltr'>ἀνθρώπῳ·</span> <span class='ocrx_word' id='word_1_40' title='bbox 346 1105 373 1168; x_wconf 85' lang='grc' dir='ltr'>εί</span> <span class='ocrx_word' id='word_1_41' title='bbox 401 1104 434 1167; x_wconf 78' lang='grc' dir='ltr'>δὲ</span> <span class='ocrx_word' id='word_1_42' title='bbox 463 1106 560 1168; x_wconf 85' lang='grc' dir='ltr'>πάντα</span> <span class='ocrx_word' id='word_1_43' title='bbox 588 1104 680 1188; x_wconf 83' lang='grc' dir='ltr'>ὅμοια</span> <span class='ocrx_word' id='word_1_44' title='bbox 707 1107 870 1191; x_wconf 80' lang='grc' dir='ltr'>ποιήσειεν,</span> <span class='ocrx_word' id='word_1_45' title='bbox 900 1107 957 1171; x_wconf 82' lang='grc' dir='ltr'>οὐκ</span> <span class='ocrx_word' id='word_1_46' title='bbox 986 1104 1052 1192; x_wconf 84' lang='grc' dir='ltr'>ἔχει</span> <span class='ocrx_word' id='word_1_47' title='bbox 1079 1107 1191 1193; x_wconf 77' lang='grc' dir='ltr'>τέρψιν,</span> <span class='ocrx_word' id='word_1_48' title='bbox 1222 1107 1288 1171; x_wconf 80' lang='grc' dir='ltr'>οὐδ’</span> <span class='ocrx_word' id='word_1_49' title='bbox 1315 1110 1341 1172; x_wconf 85' lang='grc' dir='ltr'>εί</span> <span class='ocrx_word' id='word_1_50' title='bbox 1366 1110 1397 1172; x_wconf 84' lang='grc' dir='ltr'>ἐν</span> 
     </span>
     <span class='ocr_line' id='line_1_8' title="bbox 152 1207 993 1295; baseline 0.002 -24"><span class='ocrx_word' id='word_1_51' title='bbox 152 1215 197 1293; x_wconf 76' lang='grc' dir='ltr'>τῷ</span> <span class='ocrx_word' id='word_1_52' title='bbox 218 1207 304 1293; x_wconf 71' lang='grc' dir='ltr'>αὐτῷ</span> <span class='ocrx_word' id='word_1_53' title='bbox 326 1211 422 1272; x_wconf 87' lang='grc' dir='ltr'>πάντα</span> <span class='ocrx_word' id='word_1_54' title='bbox 448 1210 627 1285; x_wconf 75' lang='grc' dir='ltr'>συντάξειεν,</span> <span class='ocrx_word' id='word_1_55' title='bbox 652 1208 708 1272; x_wconf 85' lang='grc' dir='ltr'>οίικ</span> <span class='ocrx_word' id='word_1_56' title='bbox 732 1208 766 1272; x_wconf 81' lang='grc' dir='ltr'>ἄν</span> <span class='ocrx_word' id='word_1_57' title='bbox 791 1208 859 1295; x_wconf 87' lang='grc' dir='ltr'>ἔχοι</span> <span class='ocrx_word' id='word_1_58' title='bbox 882 1210 993 1294; x_wconf 82' lang='grc' dir='ltr'>ὀρθῶς.</span> 
     </span>
    </p>

    <p class='ocr_par' dir='ltr' id='par_1_5' title="bbox 239 1309 1397 1399">
     <span class='ocr_line' id='line_1_9' title="bbox 239 1309 1397 1399; baseline 0.006 -28"><span class='ocrx_word' id='word_1_59' title='bbox 239 1310 418 1392; x_wconf 81' lang='grc' dir='ltr'>κρούεται</span> <span class='ocrx_word' id='word_1_60' title='bbox 430 1309 476 1372; x_wconf 81' lang='grc' dir='ltr'>τὰ</span> <span class='ocrx_word' id='word_1_61' title='bbox 488 1309 687 1392; x_wconf 91' lang='grc' dir='ltr'>κρούματα</span> <span class='ocrx_word' id='word_1_62' title='bbox 701 1309 740 1374; x_wconf 75' lang='grc' dir='ltr'>ἐν</span> <span class='ocrx_word' id='word_1_63' title='bbox 756 1316 921 1399; x_wconf 77' lang='grc' dir='ltr'>μουσικῇ</span> <span class='ocrx_word' id='word_1_64' title='bbox 936 1318 981 1374; x_wconf 87' lang='grc' dir='ltr'>τὰ</span> <span class='ocrx_word' id='word_1_65' title='bbox 995 1312 1064 1395; x_wconf 68' lang='grc' dir='ltr'>μέν</span> <span class='ocrx_word' id='word_1_66' title='bbox 1078 1313 1213 1378; x_wconf 79' lang='grc' dir='ltr'>ἄνατα</span> <span class='ocrx_word' id='word_1_67' title='bbox 1230 1313 1272 1378; x_wconf 77' lang='grc' dir='ltr'>δέ</span> <span class='ocrx_word' id='word_1_68' title='bbox 1285 1313 1397 1378; x_wconf 82' lang='grc' dir='ltr'>κάτω.</span> 
     </span>
    </p>

    <p class='ocr_par' dir='ltr' id='par_1_6' title="bbox 152 1416 1449 1605">
     <span class='ocr_line' id='line_1_10' title="bbox 239 1416 1396 1502; baseline 0.004 -24"><span class='ocrx_word' id='word_1_69' title='bbox 239 1419 367 1496; x_wconf 79' lang='grc' dir='ltr'>γλῶσσα</span> <span class='ocrx_word' id='word_1_70' title='bbox 399 1416 548 1499; x_wconf 81' lang='grc' dir='ltr'>μουσικὴν</span> <span class='ocrx_word' id='word_1_71' title='bbox 579 1419 729 1499; x_wconf 81' lang='grc' dir='ltr'>μιμεῖται·</span> <span class='ocrx_word' id='word_1_72' title='bbox 758 1418 1000 1498; x_wconf 77' lang='grc' dir='ltr'>διαγινώσκουσα</span> <span class='ocrx_word' id='word_1_73' title='bbox 1031 1419 1084 1502; x_wconf 80' lang='grc' dir='ltr'>μὲν</span> <span class='ocrx_word' id='word_1_74' title='bbox 1113 1419 1146 1482; x_wconf 87' lang='grc' dir='ltr'>τὸ</span> <span class='ocrx_word' id='word_1_75' title='bbox 1173 1419 1268 1502; x_wconf 76' lang='grc' dir='ltr'>γλυκὺ</span> <span class='ocrx_word' id='word_1_76' title='bbox 1292 1421 1396 1483; x_wconf 78' lang='grc' dir='ltr'>καὶτὸ</span> 
     </span>
     <span class='ocr_line' id='line_1_11' title="bbox 152 1515 1449 1605; baseline 0.002 -24"><span class='ocrx_word' id='word_1_77' title='bbox 152 1516 206 1590; x_wconf 75' lang='grc' dir='ltr'>ὀξὺ</span> <span class='ocrx_word' id='word_1_78' title='bbox 229 1521 289 1581; x_wconf 87' lang='grc' dir='ltr'>τῶν</span> <span class='ocrx_word' id='word_1_79' title='bbox 311 1515 566 1602; x_wconf 86' lang='grc' dir='ltr'>προσπιπτόντων,</span> <span class='ocrx_word' id='word_1_80' title='bbox 590 1519 639 1581; x_wconf 86' lang='grc' dir='ltr'>καὶ</span> <span class='ocrx_word' id='word_1_81' title='bbox 663 1520 800 1602; x_wconf 81' lang='grc' dir='ltr'>διάφωνα</span> <span class='ocrx_word' id='word_1_82' title='bbox 824 1521 873 1582; x_wconf 81' lang='grc' dir='ltr'>καὶ</span> <span class='ocrx_word' id='word_1_83' title='bbox 896 1520 1055 1605; x_wconf 85' lang='grc' dir='ltr'>σύμφωνα.</span> <span class='ocrx_word' id='word_1_84' title='bbox 1417 1534 1449 1584; x_wconf 81' lang='lat'>10</span> 
     </span>
    </p>

    <p class='ocr_par' dir='ltr' id='par_1_7' title="bbox 152 1617 1397 1914">
     <span class='ocr_line' id='line_1_12' title="bbox 239 1617 1396 1705; baseline 0.004 -22"><span class='ocrx_word' id='word_1_85' title='bbox 239 1619 377 1704; x_wconf 75' lang='grc' dir='ltr'>κρούεται</span> <span class='ocrx_word' id='word_1_86' title='bbox 405 1621 438 1683; x_wconf 84' lang='grc' dir='ltr'>δὲ</span> <span class='ocrx_word' id='word_1_87' title='bbox 470 1617 562 1703; x_wconf 88' lang='grc' dir='ltr'>[τούς</span> <span class='ocrx_word' id='word_1_88' title='bbox 589 1619 778 1705; x_wconf 78' lang='grc' dir='ltr'>φθόγγους]</span> <span class='ocrx_word' id='word_1_89' title='bbox 807 1620 871 1685; x_wconf 86' lang='grc' dir='ltr'>ἄνω</span> <span class='ocrx_word' id='word_1_90' title='bbox 901 1624 951 1686; x_wconf 84' lang='grc' dir='ltr'>καὶ</span> <span class='ocrx_word' id='word_1_91' title='bbox 977 1626 1070 1699; x_wconf 72' lang='grc' dir='ltr'>κοίτου,</span> <span class='ocrx_word' id='word_1_92' title='bbox 1099 1626 1149 1688; x_wconf 88' lang='grc' dir='ltr'>καὶ</span> <span class='ocrx_word' id='word_1_93' title='bbox 1179 1622 1249 1688; x_wconf 83' lang='grc' dir='ltr'>οὔτε</span> <span class='ocrx_word' id='word_1_94' title='bbox 1274 1626 1310 1688; x_wconf 85' lang='grc' dir='ltr'>τὰ</span> <span class='ocrx_word' id='word_1_95' title='bbox 1333 1624 1396 1689; x_wconf 89' lang='grc' dir='ltr'>σ’ίνιο</span> 
     </span>
     <span class='ocr_line' id='line_1_13' title="bbox 152 1721 1397 1812; baseline 0.002 -24"><span class='ocrx_word' id='word_1_96' title='bbox 152 1725 236 1788; x_wconf 87' lang='grc' dir='ltr'>κοίτου</span> <span class='ocrx_word' id='word_1_97' title='bbox 259 1721 432 1808; x_wconf 82' lang='grc' dir='ltr'>κρουόμενα</span> <span class='ocrx_word' id='word_1_98' title='bbox 455 1725 557 1808; x_wconf 82' lang='grc' dir='ltr'>ὀρθῶς</span> <span class='ocrx_word' id='word_1_99' title='bbox 581 1723 646 1810; x_wconf 84' lang='grc' dir='ltr'>ἔχει</span> <span class='ocrx_word' id='word_1_100' title='bbox 670 1722 740 1789; x_wconf 84' lang='grc' dir='ltr'>οὔτε</span> <span class='ocrx_word' id='word_1_101' title='bbox 762 1725 798 1789; x_wconf 82' lang='grc' dir='ltr'>τὰ</span> <span class='ocrx_word' id='word_1_102' title='bbox 819 1727 902 1789; x_wconf 78' lang='grc' dir='ltr'>καίτοι</span> <span class='ocrx_word' id='word_1_103' title='bbox 925 1724 998 1789; x_wconf 83' lang='grc' dir='ltr'>ἄνω.</span> <span class='ocrx_word' id='word_1_104' title='bbox 1034 1730 1137 1797; x_wconf 81' lang='grc' dir='ltr'>καλῶς</span> <span class='ocrx_word' id='word_1_105' title='bbox 1153 1727 1187 1793; x_wconf 79' lang='grc' dir='ltr'>δὲ</span> <span class='ocrx_word' id='word_1_106' title='bbox 1202 1727 1397 1812; x_wconf 74' lang='grc' dir='ltr'>ἡρμοσμένης</span> 
     </span>
     <span class='ocr_line' id='line_1_14' title="bbox 152 1814 1060 1914; baseline 0.002 -24"><span class='ocrx_word' id='word_1_107' title='bbox 152 1814 294 1910; x_wconf 81' lang='grc' dir='ltr'>γλώσσης</span> <span class='ocrx_word' id='word_1_108' title='bbox 315 1828 355 1909; x_wconf 74' lang='grc' dir='ltr'>τῇ</span> <span class='ocrx_word' id='word_1_109' title='bbox 380 1827 543 1911; x_wconf 83' lang='grc' dir='ltr'>συμφωνίη</span> <span class='ocrx_word' id='word_1_110' title='bbox 561 1827 672 1913; x_wconf 73' lang='grc' dir='ltr'>τέρψις,</span> <span class='ocrx_word' id='word_1_111' title='bbox 697 1826 891 1914; x_wconf 84' lang='grc' dir='ltr'>ἀναρμόστου</span> <span class='ocrx_word' id='word_1_112' title='bbox 915 1829 948 1892; x_wconf 81' lang='grc' dir='ltr'>δὲ</span> <span class='ocrx_word' id='word_1_113' title='bbox 971 1828 1060 1914; x_wconf 89' lang='grc' dir='ltr'>λύπη.</span> 
     </span>
    </p>

    <p class='ocr_par' dir='ltr' id='par_1_8' title="bbox 152 1934 1449 2118">
     <span class='ocr_line' id='line_1_15' title="bbox 239 1934 1396 2032; baseline 0.003 -23"><span class='ocrx_word' id='word_1_114' title='bbox 239 1945 325 2010; x_wconf 88' lang='lat' dir='ltr'>XIX.</span> <span class='ocrx_word' id='word_1_115' title='bbox 392 1945 618 2032; x_wconf 79' lang='grc' dir='ltr'>νακοδέψαι</span> <span class='ocrx_word' id='word_1_116' title='bbox 669 1951 860 2023; x_wconf 80' lang='grc' dir='ltr'>τείνουσι,</span> <span class='ocrx_word' id='word_1_117' title='bbox 916 1953 1110 2032; x_wconf 76' lang='grc' dir='ltr'>τρίβουσι,</span> <span class='ocrx_word' id='word_1_118' title='bbox 1160 1934 1396 2026; x_wconf 86' lang='grc' dir='ltr'>κτενίζουσι,</span> 
     </span>
     <span class='ocr_line' id='line_1_16' title="bbox 152 2047 1449 2118; baseline 0.004 -6"><span class='ocrx_word' id='word_1_119' title='bbox 152 2047 358 2114; x_wconf 83' lang='grc' dir='ltr'>πλύνουσι.</span> <span class='ocrx_word' id='word_1_120' title='bbox 1417 2069 1449 2118; x_wconf 74' lang='lat'>15</span> 
     </span>
    </p>

    <p class='ocr_par' dir='ltr' id='par_1_9' title="bbox 560 2142 983 2243">
     <span class='ocr_line' id='line_1_17' title="bbox 560 2142 983 2243; baseline 0.005 -25"><span class='ocrx_word' id='word_1_121' title='bbox 560 2155 653 2220; x_wconf 83' lang='grc' dir='ltr'>ταύτὰ</span> <span class='ocrx_word' id='word_1_122' title='bbox 676 2159 804 2221; x_wconf 81' lang='grc' dir='ltr'>παιδίων</span> <span class='ocrx_word' id='word_1_123' title='bbox 827 2142 983 2243; x_wconf 83' lang='grc' dir='ltr'>θεραπείη.</span> 
     </span>
    </p>

    <p class='ocr_par' dir='ltr' id='par_1_10' title="bbox 151 2254 1398 2443">
     <span class='ocr_line' id='line_1_18' title="bbox 239 2254 1398 2346; baseline 0.003 -27"><span class='ocrx_word' id='word_1_124' title='bbox 239 2254 399 2330; x_wconf 85' lang='grc' dir='ltr'>πλοκιίς</span> <span class='ocrx_word' id='word_1_125' title='bbox 426 2258 589 2334; x_wconf 83' lang='grc' dir='ltr'>ἄγοντες</span> <span class='ocrx_word' id='word_1_126' title='bbox 615 2256 741 2344; x_wconf 80' lang='grc' dir='ltr'>κύκλῳ</span> <span class='ocrx_word' id='word_1_127' title='bbox 765 2259 997 2323; x_wconf 80' lang='grc' dir='ltr'>πλέκουσιν·</span> <span class='ocrx_word' id='word_1_128' title='bbox 1022 2260 1101 2324; x_wconf 86' lang='grc' dir='ltr'>οίπό</span> <span class='ocrx_word' id='word_1_129' title='bbox 1126 2267 1192 2344; x_wconf 79' lang='grc' dir='ltr'>τῆς</span> <span class='ocrx_word' id='word_1_130' title='bbox 1214 2258 1338 2346; x_wconf 75' lang='grc' dir='ltr'>ἀρχῆς</span> <span class='ocrx_word' id='word_1_131' title='bbox 1363 2260 1398 2334; x_wconf 85' lang='grc' dir='ltr'>ές</span> 
     </span>
     <span class='ocr_line' id='line_1_19' title="bbox 151 2352 635 2443; baseline 0.002 -20"><span class='ocrx_word' id='word_1_132' title='bbox 151 2359 220 2441; x_wconf 81' lang='grc' dir='ltr'>τὴν</span> <span class='ocrx_word' id='word_1_133' title='bbox 246 2352 371 2443; x_wconf 78' lang='grc' dir='ltr'>α’ρχίγν</span> <span class='ocrx_word' id='word_1_134' title='bbox 397 2360 635 2432; x_wconf 74' lang='grc' dir='ltr'>τελευτῶσιν.</span> 
     </span>
    </p>

    <p class='ocr_par' dir='ltr' id='par_1_11' title="bbox 155 2465 1397 2554">
     <span class='ocr_line' id='line_1_20' title="bbox 155 2465 1397 2554; baseline 0.004 -27"><span class='ocrx_word' id='word_1_135' title='bbox 155 2502 159 2509; x_wconf 83' lang='grc'><em>·</em></span> <span class='ocrx_word' id='word_1_136' title='bbox 238 2467 273 2527; x_wconf 78' lang='grc' dir='ltr'>τὸ</span> <span class='ocrx_word' id='word_1_137' title='bbox 289 2465 362 2528; x_wconf 82' lang='grc' dir='ltr'>αὐτὸ</span> <span class='ocrx_word' id='word_1_138' title='bbox 386 2466 528 2551; x_wconf 84' lang='grc' dir='ltr'>περίοδος</span> <span class='ocrx_word' id='word_1_139' title='bbox 550 2467 581 2530; x_wconf 88' lang='grc' dir='ltr'>ἐν</span> <span class='ocrx_word' id='word_1_140' title='bbox 604 2473 650 2552; x_wconf 70' lang='grc' dir='ltr'>τῷ</span> <span class='ocrx_word' id='word_1_141' title='bbox 673 2469 804 2554; x_wconf 86' lang='grc' dir='ltr'>σώμριτι·</span> <span class='ocrx_word' id='word_1_142' title='bbox 832 2467 901 2531; x_wconf 82' lang='grc' dir='ltr'>ὅθεν</span> <span class='ocrx_word' id='word_1_143' title='bbox 926 2468 1059 2554; x_wconf 84' lang='grc' dir='ltr'>ἄρχεται,</span> <span class='ocrx_word' id='word_1_144' title='bbox 1083 2469 1243 2532; x_wconf 78' lang='grc' dir='ltr'>ἐπὶτοῦτο</span> <span class='ocrx_word' id='word_1_145' title='bbox 1266 2473 1397 2554; x_wconf 74' lang='grc' dir='ltr'>τελευτᾷ.</span> 
     </span>
    </p>

    <p class='ocr_par' dir='ltr' id='par_1_12' title="bbox 152 2583 1451 2876">
     <span class='ocr_line' id='line_1_21' title="bbox 240 2583 1451 2673; baseline 0.002 -25"><span class='ocrx_word' id='word_1_146' title='bbox 240 2584 310 2650; x_wconf 90' lang='lat' dir='ltr'>XX.</span> <span class='ocrx_word' id='word_1_147' title='bbox 346 2587 514 2669; x_wconf 86' lang='grc' dir='ltr'>χρυσίων</span> <span class='ocrx_word' id='word_1_148' title='bbox 541 2583 707 2669; x_wconf 72' lang='grc' dir='ltr'>ἐργάται</span> <span class='ocrx_word' id='word_1_149' title='bbox 733 2585 942 2662; x_wconf 82' lang='grc' dir='ltr'>κόπτουσι,</span> <span class='ocrx_word' id='word_1_150' title='bbox 976 2585 1193 2663; x_wconf 86' lang='grc' dir='ltr'>πλύνουσι,</span> <span class='ocrx_word' id='word_1_151' title='bbox 1229 2587 1397 2673; x_wconf 83' lang='grc' dir='ltr'>τήκουσι·</span> <span class='ocrx_word' id='word_1_152' title='bbox 1417 2602 1451 2651; x_wconf 77' lang='grc' dir='ltr'>το</span> 
     </span>
     <span class='ocr_line' id='line_1_22' title="bbox 152 2682 1399 2775; baseline 0.001 -24"><span class='ocrx_word' id='word_1_153' title='bbox 152 2688 246 2771; x_wconf 86' lang='grc' dir='ltr'>πυρλ</span> <span class='ocrx_word' id='word_1_154' title='bbox 267 2686 442 2771; x_wconf 82' lang='grc' dir='ltr'>μαλακῷ,</span> <span class='ocrx_word' id='word_1_155' title='bbox 467 2688 618 2772; x_wconf 73' lang='grc' dir='ltr'>ἰσχυρῷ</span> <span class='ocrx_word' id='word_1_156' title='bbox 640 2687 681 2751; x_wconf 76' lang='grc' dir='ltr'>δὲ</span> <span class='ocrx_word' id='word_1_157' title='bbox 704 2686 764 2764; x_wconf 86' lang='grc' dir='ltr'>ού,</span> <span class='ocrx_word' id='word_1_158' title='bbox 789 2692 1035 2756; x_wconf 88' lang='grc' dir='ltr'>συνίσταται.</span> <span class='ocrx_word' id='word_1_159' title='bbox 1080 2682 1399 2775; x_wconf 75' lang='grc' dir='ltr'>ἀπειργασμένοι</span> 
     </span>
     <span class='ocr_line' id='line_1_23' title="bbox 153 2789 608 2876; baseline 0.002 -23"><span class='ocrx_word' id='word_1_160' title='bbox 153 2790 253 2876; x_wconf 84' lang='grc' dir='ltr'>πρὸς</span> <span class='ocrx_word' id='word_1_161' title='bbox 275 2789 406 2854; x_wconf 87' lang='grc' dir='ltr'>πάντα</span> <span class='ocrx_word' id='word_1_162' title='bbox 429 2797 608 2874; x_wconf 80' lang='grc' dir='ltr'>χρῶνται.</span> 
     </span>
    </p>

    <p class='ocr_par' dir='ltr' id='par_1_13' title="bbox 154 2895 1400 3086">
     <span class='ocr_line' id='line_1_24' title="bbox 239 2895 1400 2986; baseline 0.003 -28"><span class='ocrx_word' id='word_1_163' title='bbox 239 2895 403 2981; x_wconf 84' lang='grc' dir='ltr'>ἄνθρωπος</span> <span class='ocrx_word' id='word_1_164' title='bbox 420 2901 499 2959; x_wconf 86' lang='grc' dir='ltr'>σῖτον</span> <span class='ocrx_word' id='word_1_165' title='bbox 522 2895 637 2973; x_wconf 83' lang='grc' dir='ltr'>κόπτει,</span> <span class='ocrx_word' id='word_1_166' title='bbox 660 2896 772 2973; x_wconf 87' lang='grc' dir='ltr'>πλύνει,</span> <span class='ocrx_word' id='word_1_167' title='bbox 796 2896 947 2982; x_wconf 82' lang='grc' dir='ltr'>[ἀλήθει],</span> <span class='ocrx_word' id='word_1_168' title='bbox 970 2899 1114 2983; x_wconf 85' lang='grc' dir='ltr'>πυρώσας</span> <span class='ocrx_word' id='word_1_169' title='bbox 1132 2903 1258 2985; x_wconf 83' lang='grc' dir='ltr'>χρῆται·</span> <span class='ocrx_word' id='word_1_170' title='bbox 1282 2898 1400 2986; x_wconf 76' lang='grc' dir='ltr'>ἰσχυρῷ</span> 
     </span>
     <span class='ocr_line' id='line_1_25' title="bbox 154 2999 1050 3086; baseline 0.002 -24"><span class='ocrx_word' id='word_1_171' title='bbox 154 3000 209 3084; x_wconf 81' lang='grc' dir='ltr'>μὲν</span> <span class='ocrx_word' id='word_1_172' title='bbox 232 3000 303 3085; x_wconf 88' lang='grc' dir='ltr'>πυρὶ</span> <span class='ocrx_word' id='word_1_173' title='bbox 325 3001 352 3062; x_wconf 85' lang='grc' dir='ltr'>εἰ</span> <span class='ocrx_word' id='word_1_174' title='bbox 373 3006 418 3084; x_wconf 78' lang='grc' dir='ltr'>τῷ</span> <span class='ocrx_word' id='word_1_175' title='bbox 442 3001 557 3083; x_wconf 86' lang='grc' dir='ltr'>σώματι</span> <span class='ocrx_word' id='word_1_176' title='bbox 582 2999 618 3062; x_wconf 85' lang='grc' dir='ltr'>οὐ</span> <span class='ocrx_word' id='word_1_177' title='bbox 643 3002 823 3076; x_wconf 85' lang='grc' dir='ltr'>συνίσταται,</span> <span class='ocrx_word' id='word_1_178' title='bbox 855 3005 986 3086; x_wconf 76' lang='grc' dir='ltr'>μαλακῷ</span> <span class='ocrx_word' id='word_1_179' title='bbox 1008 3000 1050 3064; x_wconf 81' lang='grc' dir='ltr'>δέ.</span> 
     </span>
    </p>

    <p class='ocr_par' dir='ltr' id='par_1_14' title="bbox 152 3117 1450 3618">
     <span class='ocr_line' id='line_1_26' title="bbox 239 3117 1450 3208; baseline 0.002 -24"><span class='ocrx_word' id='word_1_180' title='bbox 239 3119 323 3185; x_wconf 89' lang='lat' dir='ltr'>XXI.</span> <span class='ocrx_word' id='word_1_181' title='bbox 358 3117 693 3204; x_wconf 77' lang='grc' dir='ltr'>σίνδριαντοποιοί</span> <span class='ocrx_word' id='word_1_182' title='bbox 715 3123 880 3204; x_wconf 78' lang='grc' dir='ltr'>μίμησιν</span> <span class='ocrx_word' id='word_1_183' title='bbox 900 3119 1077 3203; x_wconf 89' lang='grc' dir='ltr'>σώματος</span> <span class='ocrx_word' id='word_1_184' title='bbox 1092 3123 1276 3187; x_wconf 81' lang='grc' dir='ltr'>ποιέουσι</span> <span class='ocrx_word' id='word_1_185' title='bbox 1295 3121 1400 3208; x_wconf 78' lang='grc' dir='ltr'>[πλὴν</span> <span class='ocrx_word' id='word_1_186' title='bbox 1417 3136 1450 3186; x_wconf 75' lang='lat'>25</span> 
     </span>
     <span class='ocr_line' id='line_1_27' title="bbox 152 3217 1398 3308; baseline 0 -21"><span class='ocrx_word' id='word_1_187' title='bbox 152 3224 290 3308; x_wconf 83' lang='grc' dir='ltr'>ψυχῆς],</span> <span class='ocrx_word' id='word_1_188' title='bbox 324 3221 478 3306; x_wconf 86' lang='grc' dir='ltr'>γνώμην</span> <span class='ocrx_word' id='word_1_189' title='bbox 513 3222 555 3286; x_wconf 82' lang='grc' dir='ltr'>δὲ</span> <span class='ocrx_word' id='word_1_190' title='bbox 588 3221 731 3304; x_wconf 81' lang='grc' dir='ltr'>ἔχοντα</span> <span class='ocrx_word' id='word_1_191' title='bbox 765 3217 809 3287; x_wconf 85' lang='grc' dir='ltr'>ού</span> <span class='ocrx_word' id='word_1_192' title='bbox 838 3226 1063 3289; x_wconf 88' lang='grc' dir='ltr'>ποιέουσιν·</span> <span class='ocrx_word' id='word_1_193' title='bbox 1095 3224 1134 3301; x_wconf 82' lang='grc' dir='ltr'>έξ</span> <span class='ocrx_word' id='word_1_194' title='bbox 1163 3225 1309 3300; x_wconf 82' lang='grc' dir='ltr'>ύδατος</span> <span class='ocrx_word' id='word_1_195' title='bbox 1336 3226 1398 3288; x_wconf 81' lang='grc' dir='ltr'>καί</span> 
     </span>
     <span class='ocr_line' id='line_1_28' title="bbox 152 3324 1397 3413; baseline 0.002 -24"><span class='ocrx_word' id='word_1_196' title='bbox 152 3327 237 3413; x_wconf 71' lang='grc' dir='ltr'>γῆς·</span> <span class='ocrx_word' id='word_1_197' title='bbox 261 3325 309 3389; x_wconf 85' lang='grc' dir='ltr'>τὰ</span> <span class='ocrx_word' id='word_1_198' title='bbox 332 3324 433 3411; x_wconf 80' lang='grc' dir='ltr'>ὑγρὰ</span> <span class='ocrx_word' id='word_1_199' title='bbox 455 3328 708 3413; x_wconf 72' lang='grc' dir='ltr'>ξηραίνοντες</span> <span class='ocrx_word' id='word_1_200' title='bbox 723 3327 785 3389; x_wconf 83' lang='grc' dir='ltr'>καὶ</span> <span class='ocrx_word' id='word_1_201' title='bbox 800 3327 846 3389; x_wconf 83' lang='grc' dir='ltr'>τὰ</span> <span class='ocrx_word' id='word_1_202' title='bbox 862 3327 958 3412; x_wconf 82' lang='grc' dir='ltr'>ξηρὰ</span> <span class='ocrx_word' id='word_1_203' title='bbox 974 3326 1238 3413; x_wconf 78' lang='grc' dir='ltr'>ὑγραίνοντες.</span> <span class='ocrx_word' id='word_1_204' title='bbox 1272 3327 1397 3412; x_wconf 83' lang='grc' dir='ltr'>αἰραι-</span> 
     </span>
     <span class='ocr_line' id='line_1_29' title="bbox 153 3423 1398 3516; baseline 0.002 -24"><span class='ocrx_word' id='word_1_205' title='bbox 153 3431 315 3513; x_wconf 87' lang='grc' dir='ltr'>ρέονται</span> <span class='ocrx_word' id='word_1_206' title='bbox 349 3423 432 3492; x_wconf 76' lang='grc' dir='ltr'>ἀπὸ</span> <span class='ocrx_word' id='word_1_207' title='bbox 465 3427 543 3493; x_wconf 86' lang='grc' dir='ltr'>τών</span> <span class='ocrx_word' id='word_1_208' title='bbox 579 3427 880 3513; x_wconf 82' lang='grc' dir='ltr'>ύπερεχόντιον,</span> <span class='ocrx_word' id='word_1_209' title='bbox 920 3433 1183 3516; x_wconf 72' lang='grc' dir='ltr'>προστιθέασι</span> <span class='ocrx_word' id='word_1_210' title='bbox 1220 3431 1319 3516; x_wconf 84' lang='grc' dir='ltr'>πρὸς</span> <span class='ocrx_word' id='word_1_211' title='bbox 1352 3431 1398 3494; x_wconf 80' lang='grc' dir='ltr'>τὰ</span> 
     </span>
     <span class='ocr_line' id='line_1_30' title="bbox 153 3530 1398 3618; baseline 0.002 -23"><span class='ocrx_word' id='word_1_212' title='bbox 153 3532 411 3597; x_wconf 75' lang='grc' dir='ltr'>ἐλλείποντα·</span> <span class='ocrx_word' id='word_1_213' title='bbox 450 3531 490 3595; x_wconf 76' lang='grc' dir='ltr'>ἐκ</span> <span class='ocrx_word' id='word_1_214' title='bbox 519 3539 588 3596; x_wconf 82' lang='grc' dir='ltr'>τού</span> <span class='ocrx_word' id='word_1_215' title='bbox 613 3532 820 3614; x_wconf 76' lang='grc' dir='ltr'>ἐλαχίστου</span> <span class='ocrx_word' id='word_1_216' title='bbox 847 3532 885 3608; x_wconf 83' lang='grc' dir='ltr'>ές</span> <span class='ocrx_word' id='word_1_217' title='bbox 911 3530 1172 3618; x_wconf 81' lang='grc' dir='ltr'>τὸμὴκιστον</span> <span class='ocrx_word' id='word_1_218' title='bbox 1204 3536 1398 3611; x_wconf 78' lang='grc' dir='ltr'>αὔξοντες.</span> 
     </span>
    </p>

    <p class='ocr_par' dir='ltr' id='par_1_15' title="bbox 240 3637 1451 3726">
     <span class='ocr_line' id='line_1_31' title="bbox 240 3637 1451 3726; baseline -0.001 -24"><span class='ocrx_word' id='word_1_219' title='bbox 240 3637 332 3702; x_wconf 78' lang='grc' dir='ltr'>ταύτὰ</span> <span class='ocrx_word' id='word_1_220' title='bbox 365 3641 476 3724; x_wconf 82' lang='grc' dir='ltr'>πάσχει</span> <span class='ocrx_word' id='word_1_221' title='bbox 507 3641 556 3702; x_wconf 84' lang='grc' dir='ltr'>καὶ</span> <span class='ocrx_word' id='word_1_222' title='bbox 592 3638 768 3725; x_wconf 85' lang='grc' dir='ltr'>ἄνθρωπος·</span> <span class='ocrx_word' id='word_1_223' title='bbox 803 3637 925 3714; x_wconf 81' lang='grc' dir='ltr'>αὔξεται</span> <span class='ocrx_word' id='word_1_224' title='bbox 954 3640 988 3703; x_wconf 85' lang='grc' dir='ltr'>ἐκ</span> <span class='ocrx_word' id='word_1_225' title='bbox 1020 3643 1076 3703; x_wconf 83' lang='grc' dir='ltr'>τού</span> <span class='ocrx_word' id='word_1_226' title='bbox 1103 3639 1266 3726; x_wconf 82' lang='grc' dir='ltr'>ἐλαχίστου</span> <span class='ocrx_word' id='word_1_227' title='bbox 1301 3640 1332 3709; x_wconf 88' lang='grc' dir='ltr'>ἐς</span> <span class='ocrx_word' id='word_1_228' title='bbox 1365 3639 1398 3703; x_wconf 83' lang='grc' dir='ltr'>τὸ</span> <span class='ocrx_word' id='word_1_229' title='bbox 1418 3651 1451 3702; x_wconf 85' lang='grc'>30</span> 
     </span>
    </p>
   </div>
   <div class='ocr_carea' id='block_1_4' title="bbox 153 3894 1399 4224">
    <p class='ocr_par' dir='ltr' id='par_1_16' title="bbox 153 3894 1399 4224">
     <span class='ocr_line' id='line_1_32' title="bbox 243 3894 1398 3966; baseline -0.001 -16"><span class='ocrx_word' id='word_1_230' title='bbox 243 3896 315 3951; x_wconf 86' lang='grc' dir='ltr'>1.τά</span> <span class='ocrx_word' id='word_1_231' title='bbox 337 3899 366 3948; x_wconf 79' lang='grc' dir='ltr'>θ.</span> <span class='ocrx_word' id='word_1_232' title='bbox 390 3897 414 3947; x_wconf 82' lang='grc' dir='ltr'>εί</span> <span class='ocrx_word' id='word_1_233' title='bbox 431 3895 467 3949; x_wconf 87' lang='grc' dir='ltr'>Μ.</span> <span class='ocrx_word' id='word_1_234' title='bbox 492 3922 527 3935; x_wconf 88' lang='grc'><strong>-</strong></span> <span class='ocrx_word' id='word_1_235' title='bbox 548 3896 651 3960; x_wconf 72' lang='grc' dir='ltr'>ποιήσει</span> <span class='ocrx_word' id='word_1_236' title='bbox 672 3896 740 3950; x_wconf 72' lang='grc' dir='ltr'>θΜ.</span> <span class='ocrx_word' id='word_1_237' title='bbox 760 3897 853 3966; x_wconf 73' lang='grc' dir='ltr'>ποιήσῃ</span> <span class='ocrx_word' id='word_1_238' title='bbox 871 3916 893 3950; x_wconf 89' lang='lat' dir='ltr'>r.</span> <span class='ocrx_word' id='word_1_239' title='bbox 911 3915 984 3952; x_wconf 82' lang='grc' dir='ltr'>σοττ.</span> <span class='ocrx_word' id='word_1_240' title='bbox 1004 3897 1072 3953; x_wconf 91' lang='lat' dir='ltr'><strong>Wil.</strong></span> <span class='ocrx_word' id='word_1_241' title='bbox 1089 3926 1124 3936; x_wconf 94' lang='lat'>-</span> <span class='ocrx_word' id='word_1_242' title='bbox 1141 3900 1182 3950; x_wconf 80' lang='grc' dir='ltr'>ἔνι</span> <span class='ocrx_word' id='word_1_243' title='bbox 1200 3896 1237 3949; x_wconf 90' lang='grc' dir='ltr'>Μ.</span> <span class='ocrx_word' id='word_1_244' title='bbox 1273 3898 1298 3950; x_wconf 87' lang='grc'>4.</span> <span class='ocrx_word' id='word_1_245' title='bbox 1317 3894 1398 3963; x_wconf 71' lang='grc' dir='ltr'>ύνύρ.</span> 
     </span>
     <span class='ocr_line' id='line_1_33' title="bbox 154 3981 1304 4052; baseline 0.002 -17"><span class='ocrx_word' id='word_1_246' title='bbox 154 3984 183 4036; x_wconf 71' lang='lat' dir='ltr'>cx</span> <span class='ocrx_word' id='word_1_247' title='bbox 205 3981 347 4050; x_wconf 78' lang='grc' dir='ltr'>διαφόρων</span> <span class='ocrx_word' id='word_1_248' title='bbox 371 3983 538 4034; x_wconf 65' lang='grc' dir='ltr'>παντοδαπὰ</span> <span class='ocrx_word' id='word_1_249' title='bbox 560 3982 598 4038; x_wconf 90' lang='grc' dir='ltr'>Μ.</span> <span class='ocrx_word' id='word_1_250' title='bbox 633 3985 658 4037; x_wconf 88' lang='grc'>6.</span> <span class='ocrx_word' id='word_1_251' title='bbox 681 3983 838 4052; x_wconf 72' lang='grc' dir='ltr'>ἀνθρώπων</span> <span class='ocrx_word' id='word_1_252' title='bbox 862 3983 900 4038; x_wconf 93' lang='grc' dir='ltr'>Μ.</span> <span class='ocrx_word' id='word_1_253' title='bbox 923 4012 958 4023; x_wconf 93' lang='grc'><strong>-</strong></span> <span class='ocrx_word' id='word_1_254' title='bbox 980 3986 1004 4035; x_wconf 80' lang='grc' dir='ltr'>εί</span> <span class='ocrx_word' id='word_1_255' title='bbox 1021 4021 1027 4035; x_wconf 97' lang='grc'>.</span> <span class='ocrx_word' id='word_1_256' title='bbox 1046 4021 1078 4035; x_wconf 94' lang='grc'>..</span> <span class='ocrx_word' id='word_1_257' title='bbox 1101 3983 1203 4047; x_wconf 74' lang='grc' dir='ltr'>ποιήσει</span> <span class='ocrx_word' id='word_1_258' title='bbox 1225 3986 1254 4036; x_wconf 74' lang='grc' dir='ltr'>θ.</span> <span class='ocrx_word' id='word_1_259' title='bbox 1289 3983 1304 4047; x_wconf 71' lang='grc' dir='ltr'><em>ἢ</em></span> 
     </span>
     <span class='ocr_line' id='line_1_34' title="bbox 154 4067 1399 4138; baseline 0 -16"><span class='ocrx_word' id='word_1_260' title='bbox 154 4067 249 4137; x_wconf 74' lang='grc' dir='ltr'>ποιήσῃ</span> <span class='ocrx_word' id='word_1_261' title='bbox 267 4067 304 4122; x_wconf 92' lang='grc' dir='ltr'>Μ.</span> <span class='ocrx_word' id='word_1_262' title='bbox 335 4069 359 4124; x_wconf 78' lang='lat'>7.</span> <span class='ocrx_word' id='word_1_263' title='bbox 378 4068 564 4138; x_wconf 82' lang='grc' dir='ltr'>συνταριίξιιιν</span> <span class='ocrx_word' id='word_1_264' title='bbox 582 4068 619 4122; x_wconf 91' lang='grc' dir='ltr'>Μ.</span> <span class='ocrx_word' id='word_1_265' title='bbox 651 4070 691 4123; x_wconf 88' lang='lat'>10.</span> <span class='ocrx_word' id='word_1_266' title='bbox 710 4070 756 4120; x_wconf 86' lang='grc' dir='ltr'>καὶ</span> <span class='ocrx_word' id='word_1_267' title='bbox 774 4086 857 4137; x_wconf 80' lang='grc' dir='ltr'>συμρ.</span> <span class='ocrx_word' id='word_1_268' title='bbox 871 4088 925 4124; x_wconf 89' lang='lat' dir='ltr'>om.</span> <span class='ocrx_word' id='word_1_269' title='bbox 938 4069 975 4123; x_wconf 90' lang='lat' dir='ltr'>M.</span> <span class='ocrx_word' id='word_1_270' title='bbox 1007 4073 1047 4124; x_wconf 90' lang='lat'>11.</span> <span class='ocrx_word' id='word_1_271' title='bbox 1061 4070 1115 4124; x_wconf 82' lang='lat' dir='ltr'><strong>del.</strong></span> <span class='ocrx_word' id='word_1_272' title='bbox 1130 4069 1272 4138; x_wconf 80' lang='lat' dir='ltr'><strong>Bywater.</strong></span> <span class='ocrx_word' id='word_1_273' title='bbox 1304 4069 1399 4134; x_wconf 49' lang='lat' dir='ltr'>13³2·ss</span> 
     </span>
     <span class='ocr_line' id='line_1_35' title="bbox 153 4154 1399 4224; baseline 0 -17"><span class='ocrx_word' id='word_1_274' title='bbox 153 4156 310 4222; x_wconf 83' lang='grc' dir='ltr'>συμφωκίης</span> <span class='ocrx_word' id='word_1_275' title='bbox 333 4154 370 4208; x_wconf 90' lang='grc' dir='ltr'>Μ.</span> <span class='ocrx_word' id='word_1_276' title='bbox 413 4156 451 4208; x_wconf 81' lang='lat'>14.</span> <span class='ocrx_word' id='word_1_277' title='bbox 476 4154 639 4220; x_wconf 78' lang='grc' dir='ltr'>σκυτούέμαι</span> <span class='ocrx_word' id='word_1_278' title='bbox 662 4154 698 4208; x_wconf 93' lang='grc' dir='ltr'>Μ.</span> <span class='ocrx_word' id='word_1_279' title='bbox 735 4155 776 4210; x_wconf 89' lang='grc'>20.</span> <span class='ocrx_word' id='word_1_280' title='bbox 799 4159 912 4224; x_wconf 83' lang='grc' dir='ltr'>χρυσίον</span> <span class='ocrx_word' id='word_1_281' title='bbox 934 4156 1091 4224; x_wconf 73' lang='grc' dir='ltr'>ἐργάζονται</span> <span class='ocrx_word' id='word_1_282' title='bbox 1113 4156 1181 4209; x_wconf 74' lang='grc' dir='ltr'>θΜ.</span> <span class='ocrx_word' id='word_1_283' title='bbox 1217 4156 1259 4210; x_wconf 92' lang='grc'>22.</span> <span class='ocrx_word' id='word_1_284' title='bbox 1280 4157 1399 4224; x_wconf 73' lang='grc' dir='ltr'>χρῶνται</span> 
     </span>
    </p>
   </div>
   <div class='ocr_carea' id='block_1_5' title="bbox 155 4239 1399 4395">
    <p class='ocr_par' dir='ltr' id='par_1_17' title="bbox 155 4239 1399 4395">
     <span class='ocr_line' id='line_1_36' title="bbox 155 4239 1399 4311; baseline -0.003 -16"><span class='ocrx_word' id='word_1_285' title='bbox 155 4256 210 4295; x_wconf 87' lang='lat' dir='ltr'>om.</span> <span class='ocrx_word' id='word_1_286' title='bbox 233 4243 261 4293; x_wconf 74' lang='grc' dir='ltr'>θ.</span> <span class='ocrx_word' id='word_1_287' title='bbox 302 4240 344 4294; x_wconf 83' lang='grc'>25.</span> <span class='ocrx_word' id='word_1_288' title='bbox 368 4239 422 4294; x_wconf 78' lang='grc' dir='ltr'>(λεί.</span> <span class='ocrx_word' id='word_1_289' title='bbox 436 4240 504 4294; x_wconf 86' lang='lat' dir='ltr'><strong>Wil.</strong></span> <span class='ocrx_word' id='word_1_290' title='bbox 540 4240 582 4295; x_wconf 85' lang='lat'>26.</span> <span class='ocrx_word' id='word_1_291' title='bbox 601 4239 627 4289; x_wconf 70' lang='grc' dir='ltr'>δ’</span> <span class='ocrx_word' id='word_1_292' title='bbox 646 4242 745 4308; x_wconf 80' lang='grc' dir='ltr'>ἔχοντα</span> <span class='ocrx_word' id='word_1_293' title='bbox 767 4242 796 4291; x_wconf 84' lang='grc' dir='ltr'>ού</span> <span class='ocrx_word' id='word_1_294' title='bbox 816 4240 853 4295; x_wconf 93' lang='grc' dir='ltr'>Μ.</span> <span class='ocrx_word' id='word_1_295' title='bbox 871 4240 999 4309; x_wconf 67' lang='grc' dir='ltr'>δέχονται</span> <span class='ocrx_word' id='word_1_296' title='bbox 1016 4245 1044 4293; x_wconf 69' lang='grc' dir='ltr'>θ.</span> <span class='ocrx_word' id='word_1_297' title='bbox 1080 4241 1124 4295; x_wconf 85' lang='grc'>27.</span> <span class='ocrx_word' id='word_1_298' title='bbox 1141 4241 1188 4292; x_wconf 81' lang='grc' dir='ltr'>καί</span> <span class='ocrx_word' id='word_1_299' title='bbox 1204 4241 1236 4292; x_wconf 82' lang='grc' dir='ltr'>τιλ</span> <span class='ocrx_word' id='word_1_300' title='bbox 1254 4241 1320 4311; x_wconf 76' lang='grc' dir='ltr'>ξηρὰ</span> <span class='ocrx_word' id='word_1_301' title='bbox 1338 4241 1399 4310; x_wconf 80' lang='grc' dir='ltr'>ύγρ.</span> 
     </span>
     <span class='ocr_line' id='line_1_37' title="bbox 155 4325 678 4395; baseline 0 -15"><span class='ocrx_word' id='word_1_302' title='bbox 155 4343 211 4380; x_wconf 88' lang='lat' dir='ltr'>om.</span> <span class='ocrx_word' id='word_1_303' title='bbox 230 4325 268 4378; x_wconf 77' lang='grc' dir='ltr'>Μ.</span> <span class='ocrx_word' id='word_1_304' title='bbox 304 4325 346 4381; x_wconf 89' lang='grc'>29.</span> <span class='ocrx_word' id='word_1_305' title='bbox 366 4327 432 4395; x_wconf 85' lang='grc' dir='ltr'>πρὸς</span> <span class='ocrx_word' id='word_1_306' title='bbox 449 4328 477 4378; x_wconf 84' lang='grc' dir='ltr'>τὸ</span> <span class='ocrx_word' id='word_1_307' title='bbox 495 4327 623 4395; x_wconf 80' lang='grc' dir='ltr'>μέγιστον</span> <span class='ocrx_word' id='word_1_308' title='bbox 641 4325 678 4380; x_wconf 89' lang='grc' dir='ltr'>Μ.</span> 
     </span>
    </p>
   </div>
   <div class='ocr_carea' id='block_1_6' title="bbox 0 0 1566 4928">
    <p class='ocr_par' dir='ltr' id='par_1_18' title="bbox 0 0 1566 4928">
     <span class='ocr_line' id='line_1_38' title="bbox 0 0 1566 4928; baseline 0 0"><span class='ocrx_word' id='word_1_309' title='bbox 0 0 1566 4928; x_wconf 95' lang='lat' dir='ltr'> </span> 
     </span>
    </p>
   </div>
  </div>
 </body>
</html>
