3120 4928
620 388 828 452 ,41-

102 577 187 642 Erde
199 577 279 641 ldsst
296 597 330 642 er
345 577 425 642 alles
442 577 574 642 werden
589 578 658 641 und
673 577 843 642 bestehen.
881 575 925 642 So
942 595 1005 657 eng
1019 575 1076 642 hat
1092 577 1160 641 sich
1176 577 1223 641 als
1240 581 1345 643 erster

101 681 272 746 Philistion
285 688 350 746 von
364 680 460 745 Lokri
472 700 516 744 an
529 679 756 763 Empedokles‚
772 679 887 744 seinen
899 679 1111 744 Landsmann
1127 679 1172 744 im
1187 681 1343 747 weiteren

101 783 211 861 Smne,
241 784 508 862 angeschlossen:
544 782 718 847 Φιλιστίων
741 781 777 848 δὲ
799 784 901 847 οἴεται
923 780 958 844 λιι
985 781 1007 844 δ
1034 780 1132 845 ίδεοίν
1160 781 1344 847 συνιστάνει

101 884 191 968 ἡμᾶς,
215 886 302 950 τοῦτ’
324 884 410 950 ἔστιν
431 885 465 948 ἐκ
488 888 703 966 δστοιχείων·
726 884 843 971 πυρός,
867 878 972 970 άέρος,
998 884 1131 961 ὕδατος,
1154 890 1222 970 γῆς.
1260 885 1345 950 εἶναι

101 988 137 1051 δὲ
159 990 213 1051 καὶ
234 987 371 1051 ἑκάστου
394 987 560 1069 δυνάμεις,
584 987 724 1069 τοῦμὲν
747 987 851 1072 πυράς
872 985 910 1049 τὸ
933 985 1073 1070 θερμόν,
1102 987 1162 1050 τοῦ
1190 987 1227 1051 δὲ
1248 981 1344 1073 δέρος

99 1092 135 1155 τό
166 1090 307 1176 ψυχρόν,
337 1090 396 1155 τοῦ
427 1090 463 1154 δὲ
492 1091 611 1164 δδατος
641 1089 678 1153 τὸ
706 1088 818 1173 δγρόν,
846 1094 901 1171 τῆς
929 1089 965 1153 δὲ
987 1090 1044 1173 γῆς
1066 1089 1103 1154 τὸ
1129 1090 1226 1177 ξηρόν
1248 1092 1342 1176 (Pap.

98 1197 199 1262 Lond.
223 1196 293 1275 XX,
317 1197 382 1278 25).
426 1196 486 1261 lhn
513 1196 571 1260 hat
598 1196 694 1260 Plato
722 1196 866 1276 gekannt
893 1195 990 1279 (Tim.
1014 1195 1055 1261 81
1072 1195 1159 1278 E):1)
1186 1193 1343 1280 τεττάρων

97 1299 160 1383 γάρ
184 1301 287 1363 ὄντων
310 1305 420 1380 γενῶν,
443 1297 478 1373 ἐξ
500 1289 546 1362 ὦν
568 1301 763 1382 συμπέπηγε
783 1298 819 1363 τό
845 1298 948 1380 σῶμα,
972 1303 1031 1382 γῆς
1053 1298 1160 1381 πυρός
1175 1297 1294 1372 ὕδατός
1309 1321 1343 1361 τε

97 1405 150 1466 καὶ
173 1401 278 1486 ἀέρος,
301 1400 425 1466 τούτων
447 1399 466 1485 ἡ
489 1401 581 1486 παρὰ
596 1400 695 1484 φύσιν
717 1400 890 1476 πλεονεξία
905 1402 960 1464 καὶ
975 1400 1083 1466 ἔνδεια
1098 1404 1152 1464 καὶ
1167 1408 1222 1486 τῆς
1236 1401 1343 1486 χώρας

97 1505 289 1586 μετάστασις
313 1554 449 1570 .....
480 1504 605 1579 στάσεις
631 1506 685 1567 καὶ
713 1504 829 1578 νόσους
857 1507 1000 1588 παρέχει.
1049 1507 1144 1572 Auch
1170 1506 1341 1571 philistion

96 1611 200 1674 findet
223 1609 275 1672 die
298 1612 408 1673 ersten
423 1607 784 1675 Krankheitsursachcn
806 1608 839 1674 in
863 1610 928 1673 den
943 1609 1149 1675 Elementen:
1172 1608 1266 1692 παρὰ
1283 1609 1343 1690 μὲν

97 1700 156 1776 οὖν
178 1711 219 1774 τά
234 1722 387 1792 στοιχεῖα,
410 1710 546 1774 ἐπειδὰν
561 1709 724 1797 πλεονάσῃ
739 1711 776 1774 τό
791 1709 921 1795 θερμόν
935 1713 989 1774 uui
1004 1711 1041 1774 τό
1056 1709 1156 1795 όγρδν
1170 1711 1191 1795 ἢ
1205 1710 1343 1776 ἐπειδάν

95 1826 186 1896 μείου
208 1819 337 1899 γένηται
359 1817 411 1879 καὶ
434 1813 582 1898 άμαυρὸν
604 1815 641 1878 τό
663 1813 802 1899 θερμόν.
839 1816 971 1880 Andere
988 1816 1111 1880 Leiden
1131 1816 1241 1880 haben
1256 1817 1341 1881 nach

95 1921 162 1983 ihm
185 1919 278 1983 ihren
295 1919 409 1983 Grund
431 1919 464 1983 in
488 1919 563 1983 dem
579 1918 866 2001 Kdrperzustandc
889 1917 1053 2002 (διάθεσις
1075 1919 1140 1982 τῶν
1159 1917 1340 2002 σωμάτων),

94 2021 1340 2105 λιεεοωδεεεδεοΑίιουος(πνεῦμα)ιιοδινὶεδευεοδεεεινεοδεονοοευεεεο

95 2126 199 2209 (παρὰ
213 2124 254 2187 τὰ
268 2123 378 2210 ἐκτός),
395 2126 498 2191 durch
504 2126 667 2204 Wundcn,
681 2126 888 2204 Geschwrirc‚
897 2124 1045 2206 Wdrme,
1060 2126 1166 2205 Kane,
1182 2127 1341 2207 Nahrung

94 2229 286 2294 veranlasst.
321 2230 415 2294 Plato
440 2233 523 2294 setzt
546 2249 589 2293 an
613 2230 666 2293 dic
689 2231 804 2295 zwcitc
820 2229 920 2295 Siclle
944 2229 1120 2310 gleichfalls
1137 2231 1189 2294 die
1205 2230 1340 2312 kdrper-

93 2333 174 2398 liche
197 2334 459 2399 Beschaffenheii
486 2331 668 2416 (8213-84
680 2332 729 2416 G),
759 2353 802 2398 an
831 2333 883 2398 die
912 2333 1008 2398 driite
1031 2334 1112 2397 aher
1134 2335 1193 2397 mit
1217 2333 1340 2397 Ueber·

94 2437 226 2517 gehung
249 2437 307 2500 der
329 2441 487 2501 iusseren
502 2436 670 2501 Ursachen
696 2435 764 2500 und
779 2436 1008 2516 Anneherung
1027 2455 1070 2500 an
1087 2436 1219 2501 koischc
1234 2436 1339 2500 Lehre

94 2546 234 2620 πνεῦμα,
258 2537 350 2622 χολή,
374 2537 503 2621 φλέγμα
525 2539 757 2622 (840-86A).
793 2540 863 2604 Von
885 2539 1005 2603 beiden
1027 2539 1110 2604 wird
1134 2539 1193 2604 das
1208 2541 1340 2617 πνεῦμα

94 2644 196 2724 gleich
222 2642 493 2722 hochgeschdtzi:
521 2642 600 2705 όταν
622 2640 698 2723 γάρ,
727 2657 837 2725 φησιν,
860 2639 985 2728 εόπνοῃ
1008 2640 1086 2704 ὅλον
1107 2640 1145 2704 τό
1170 2647 1263 2722 σῶμα
1285 2639 1339 2704 καὶ

94 2745 193 2833 διεξίῃ
226 2744 389 2819 άιιολότως
423 2744 459 2808 τὸ
495 2751 638 2827 πνεῦμα,
673 2741 779 2825 ὑγίεια
808 2747 929 2825 γίνεται
953 2794 1091 2811 .....
1120 2745 1199 2808 ὅταν
1233 2742 1269 2806 δὲ
1295 2743 1341 2827 μὴ.

92 2845 219 2937 εόπνοῃ
241 2850 277 2914 τό
296 2858 400 2932 σῶμα,
423 2849 516 2914 νόσοι
537 2852 683 2930 γίνονται
704 2850 759 2912 καὶ
776 2849 942 2932 διαφόρως
965 2852 1034 2916 und
1049 2850 1159 2915 Plato:
1182 2849 1263 2914 όταν
1280 2847 1339 2929 μὲν

92 2954 153 3037 γάρ
188 2952 205 3016 δ
238 2955 304 3016 τιδν
336 2951 531 3033 πνευμάτων
564 2951 609 3037 τῷ
643 2950 764 3033 σάματι
791 2955 909 3034 ταμίας
936 2949 1091 3034 πλεύμων
1117 2951 1160 3035 μὴ
1187 2951 1339 3035 καθαρὰς

92 3060 217 3142 παρέχῃ
239 3056 297 3131 τάς
324 3055 493 3131 διεξόδους
520 3053 587 3119 άπὸ
610 3053 777 3140 ῥευμάτων
799 3057 973 3141 φραχδείς,
1001 3054 1087 3118 ἔνθα
1108 3053 1168 3136 μὲν
1189 3046 1250 3118 οδιι
1272 3052 1337 3127 ἰόν,

92 3161 177 3224 ἔνθα
200 3159 236 3223 δὲ
259 3160 374 3225 πλείων
395 3161 416 3243 ἢ
437 3159 474 3225 τδ
499 3167 667 3244 προσῆκον
689 3166 820 3242 πνεῦμα
842 3158 930 3224 δσιδν
948 3159 990 3223 τά
1003 3158 1063 3240 μὲν
1078 3152 1118 3222 οὗ
1133 3157 1338 3238 τυγχάνοντα

90 3262 265 3348 ἀναψυχῆς
288 3263 413 3347 σήπειῖ)
434 3261 476 3325 τὰ
499 3262 535 3326 δὲ
558 3307 759 3326 .......
784 3261 838 3326 καὶ
859 3265 960 3346 μυρία
984 3259 1026 3344 δὴ
1039 3258 1208 3343 νοσήματα
1232 3310 1238 3325 .
1263 3304 1272 3321 .
1296 3303 1303 3320 .
1328 3303 1336 3320 .

91 3364 307 3451 ἀπείργασται
329 3366 384 3451 (84
396 3367 448 3448 D).
494 3367 664 3431 philistion
688 3368 730 3430 ist
752 3365 835 3431 dher
857 3365 906 3429 als
930 3367 989 3428 der
1004 3363 1138 3428 Redner
1160 3384 1197 3424 π.
1221 3359 1337 3444 φύσιος
1392 3438 1395 3444 ¹

92 3464 276 3552 ἀνθρώπου
303 3471 373 3535 und
400 3471 507 3534 dieser
533 3470 622 3533 kann
651 3469 728 3532 sehr
756 3468 842 3532 wohl
873 3467 976 3531 durch
1002 3467 1058 3531 ihn
1083 3465 1134 3531 die
1156 3465 1337 3546 Anregung

179 3711 198 3781 1)
217 3713 273 3783 vgl.
291 3712 362 3781 Pap.
381 3711 472 3766 Lond.
492 3709 520 3766 S.
541 3712 581 3778 17,
602 3712 631 3764 11
643 3710 687 3777 ff.;
705 3709 779 3764 oben
797 3710 823 3763 S.
842 3709 884 3776 25,
905 3712 927 3763 1.

177 3796 198 3866 2)
217 3796 383 3852 Wcllmann
408 3796 535 3851 erinnert
559 3796 633 3850 mich
659 3796 755 3861 daran,
778 3795 844 3850 dass
868 3793 942 3849 auch
966 3793 1060 3849 dieser
1079 3792 1148 3851 Satz
1172 3794 1223 3848 der
1240 3792 1335 3847 Lehre

91 3885 142 3938 des
164 3883 319 3938 Philistion
343 3883 513 3953 entspreche
539 3881 615 3952 (Gal.
633 3882 675 3938 IV
698 3880 727 3937 S.
748 3880 824 3952 rm:
852 3883 878 3933 τί
899 3897 962 3933 ποτε
985 3876 1035 3931 οὖν
1056 3879 1207 3946 τηλικοῦτόν
1231 3879 1284 3930 ἐστι
1306 3879 1335 3929 τὸ

90 3970 165 4040 παρὰ
187 3974 231 4034 τῆς
253 3971 390 4034 ἀναπνοῆς
411 3968 478 4039 ἡμῖν
500 3967 629 4039 χρηστόνς
647 4002 781 4020 ......
799 3967 878 4032 ἤτῆς
896 3966 1014 4037 ἐμφύτου
1032 3968 1183 4037 θερμασίας
1201 3964 1336 4031 άνάψυξίς

89 4075 135 4118 τις,
155 4056 190 4116 ὥς
208 4057 352 4108 Φιλιστίων
369 4073 396 4108 τε
414 4056 460 4108 καὶ
477 4055 585 4120 Διοκλῆς
602 4055 711 4124 Htw,-
729 4054 788 4108 und
805 4054 903 4121 meint,
922 4053 985 4107 dass
997 4052 1083 4107 Plato
1096 4051 1170 4106 auch
1183 4050 1265 4105 datin
1277 4067 1335 4106 von

90 4143 148 4196 ihm
168 4143 315 4212 abhdngig
333 4143 383 4211 sei,
405 4142 470 4198 dass
489 4160 520 4198 er
537 4141 752 4211 Flflcsigkeiten
771 4141 859 4196 durch
879 4140 925 4195 die
944 4138 1101 4193 Lustrdhre
1120 4139 1150 4192 in
1168 4137 1214 4191 die
1233 4136 1334 4207 Lungc

88 4229 233 4300 gclcngen
250 4230 324 4284 lasse
343 4228 429 4293 (Plat.
449 4236 557 4300 quaest.
577 4246 640 4284 con.
660 4226 716 4283 VH
734 4245 758 4283 c.
778 4229 806 4289 l;
830 4227 864 4281 dc
885 4227 965 4282 stoic.
985 4243 1045 4294 rep.
1064 4242 1087 4280 c.
1107 4223 1166 4293 29);
1185 4223 1260 4280 doch
1277 4223 1334 4292 vgl.

90 4314 118 4371 S.
138 4317 179 4370 73.
