3120 4928
660 342 895 450 -115'.

154 578 319 661 σομφωνίη
349 577 369 660 ἦ
400 584 441 660 τη
468 576 595 662 δευτέρῃ
623 577 643 659 ἢ
669 583 711 659 τηῙ
738 576 787 640 διὰ
810 576 928 653 παντός,
959 578 1028 648 ἑνὸς
1050 578 1278 662 ἀπογενομένου
1301 581 1397 648 πᾶςό

152 679 239 748 τόνος
263 682 403 764 μάταιος·
426 680 462 743 οό
485 679 543 765 γὰρ
567 679 601 743 ἀν
625 680 818 765 προστάται·
841 681 908 745 ἀλλ’
930 677 1055 761 ἀμείβει
1074 678 1111 742 ’έκ
1133 685 1192 744 τοῦ
1214 679 1348 762 μέζονος
1367 680 1397 754 ές

151 783 190 846 τό
211 791 304 864 μείον
326 786 383 869 πρὸ
409 785 526 869 μοίρης.
573 782 646 847 διότι
670 783 706 846 οὐ
729 786 937 867 γινώσκουσιν,
962 784 1006 848 ότι
1027 785 1192 849 ποιέουσιν.

239 902 294 968 ΙΧ.
329 902 464 989 ἀρσένων
493 903 548 988 μὲν
579 899 704 966 οὖνκαὶ
729 903 851 987 θηλέων
875 903 948 968 διότι
971 906 1096 990 ἑκάτεροι
1117 906 1238 988 γίνεται,
1264 904 1397 991 προιόντι

152 1014 199 1093 τηῖ
221 1005 304 1092 λόχιρ
327 1008 469 1092 δηλώσω.
514 1007 629 1070 τούτων
659 1007 692 1069 δὲ
720 1005 864 1093 ὁπότερον
893 1007 927 1070 ἀν
955 1007 1033 1094 τόχη
1059 1009 1149 1072 ἐλθὸν
1172 1011 1222 1073 καὶ
1243 1007 1323 1095 τύχη
1343 1008 1432 1092 σῆςό

153 1107 320 1193 ἁρμονίης,
343 1108 443 1195 ῦγρόν
464 1106 520 1172 έὸν
542 1118 674 1172 κινεῖται
697 1106 764 1172 ῦπά
789 1109 849 1172 τοῦ
871 1108 984 1193 πυρός.
1022 1109 1208 1191 κινεόμενον
1231 1110 1267 1173 δὲ
1283 1110 1394 1186 ζωπο-
1497 1146 1499 1153 ·

154 1222 255 1297 ρετται
276 1213 330 1276 καὶ
354 1211 553 1297 προσάγεται
573 1211 633 1297 τὴν
654 1211 780 1296 τροφὴν
800 1206 870 1276 ἀπό
887 1221 952 1277 τῶν
966 1211 1119 1277 ἐσιόντων
1140 1212 1172 1288 ἐς
1187 1213 1246 1296 τὴν
1260 1223 1398 1292 γυναῖκα

152 1319 251 1381 σίτων
272 1318 326 1378 καὶ
349 1315 557 1398 πνευμάτων·
580 1317 622 1378 τὰ
643 1315 702 1397 μὲν
724 1320 840 1399 πρῶτα
863 1316 969 1400 πάντη
994 1316 1123 1400 ὁμοίως,
1149 1321 1207 1392 ἕως
1223 1316 1268 1380 ἔτι
1283 1318 1399 1401 ἀραιόν

152 1418 251 1498 ἐστιν,
274 1418 343 1484 ὑπὸ
369 1419 405 1483 δὲ
427 1425 483 1504 τῆς
505 1418 647 1501 κινήσιος
668 1420 722 1481 καλ
737 1422 797 1482 τοῦ
814 1421 919 1504 πυρὸς
935 1422 1116 1504 ξηραίνεται
1131 1421 1184 1482 καὶ
1200 1425 1396 1504 στερεοῦται·

154 1523 384 1607 στερεοῦμενον
422 1523 458 1588 δὲ
488 1521 672 1586 πυκνοῦται
705 1525 799 1607 πέριξ
832 1525 887 1585 καὶ
923 1523 959 1588 τό
995 1525 1063 1609 πῦρ
1095 1523 1399 1606 έγκατακλειόμενον
1416 1530 1450 1588 10

154 1619 261 1690 οὐκέτι
282 1625 341 1709 τὴν
362 1625 489 1711 τρυφὴν
511 1624 625 1711 ἲκανην
647 1623 711 1706 ἔχει
738 1623 924 1705 ἀπάγεσθαι
952 1624 1031 1691 οῦδδ
1055 1628 1093 1692 τό
1122 1632 1252 1709 πνεῦμα
1279 1627 1399 1705 ἐξωθεῖ

154 1727 213 1792 διὰ
243 1731 303 1814 τὴν
341 1729 528 1813 πυκνότητα
559 1729 618 1794 τοῦ
645 1732 866 1812 περιέχοντος·
901 1728 1066 1793 ἀναλίσκει
1097 1718 1156 1796 οῦν
1182 1730 1219 1793 τό
1246 1728 1398 1816 ῦπάρχον

153 1831 257 1917 ῦγράν
283 1832 353 1900 ἔσω.
403 1833 444 1896 τά
472 1833 531 1914 μὲν
554 1823 615 1898 οῦν
642 1833 753 1917 στερεά
779 1832 959 1918 τὴνφύσιν
986 1832 1020 1898 ἐν
1040 1840 1087 1918 τῷ
1114 1832 1317 1918 συνεστηκότι
1344 1835 1398 1897 καλ

153 1936 236 2022 ξηρὰ
268 1936 309 2002 οῦ
334 1937 588 2002 καταναλίκεται
621 1943 665 2022 τῷ
699 1939 778 2024 πυρὶ
815 1937 848 2011 ές
878 1937 938 2022 την
969 1937 1108 2022 τροφήν,
1142 1936 1212 2002 ἀλλ’
1245 1937 1398 2022 έγκρατέα

154 2045 277 2120 γίνεται
298 2043 353 2104 καὶ
376 2046 563 2106 συνίσταται
584 2049 645 2105 τοῦ
658 2039 761 2124 ῦγροῦ
779 2040 997 2118 ἐκλείποντος,
1021 2043 1106 2126 ἅπερ
1122 2039 1217 2104 δστέα
1232 2043 1286 2104 καὶ
1302 2048 1398 2126 νεῦρα
1417 2046 1450 2104 15
1533 2022 1545 2043 x

154 2142 355 2226 ὀνομάζεται.
401 2144 437 2209 τὸ
461 2144 498 2208 δὲ
521 2145 587 2230 πῦρ
610 2144 645 2207 ἐκ
667 2150 727 2208 τοῦ
754 2147 968 2227 συμμιγέντος
995 2147 1182 2226 κινεομένων
1209 2149 1269 2208 τοῦ
1296 2143 1398 2228 ὑγροῦ

155 2248 376 2330 διακυσμείται
404 2250 442 2312 τό
469 2255 562 2331 σῶμα
588 2249 671 2311 κατά
698 2248 798 2332 φύσιν
825 2248 882 2312 διὰ
908 2247 1039 2333 τοιήνδε
1067 2246 1225 2332 ἀνάγκην·
1256 2247 1313 2312 διά
1341 2247 1399 2330 μὲν

152 2357 219 2417 τῶν
234 2358 370 2437 στερεῶν
384 2354 438 2415 καί
458 2355 562 2438 ξηρῶν
582 2346 623 2416 οῦ
645 2351 783 2416 δύναται
802 2351 862 2426 τὰς
881 2350 1053 2429 διεξόδους
1067 2355 1200 2435 χρονίας
1216 2354 1397 2425 ποιεῖσθαι,

155 2456 241 2520 διότι
270 2456 330 2522 οῦκ
356 2456 419 2538 ἔχει
448 2456 585 2541 τροφήν,
615 2456 672 2520 διὰ
700 2455 737 2520 δὲ
765 2461 831 2520 τῶν
858 2455 966 2539 ἀγρῶν
992 2457 1046 2518 καὶ
1069 2455 1224 2536 μαλακῶν
1248 2453 1397 2518 δῦναται·

154 2567 257 2624 ταῦτα
283 2559 347 2645 γάρ
373 2560 462 2646 αὐτῷ
488 2559 561 2623 ε’στι
581 2559 701 2644 τροφή·
731 2561 778 2622 ἔνι
807 2557 843 2622 δέ
869 2560 925 2621 καὶ
952 2557 988 2622 έν
1020 2556 1170 2622 τοότσισιΙ
1198 2557 1331 2642 ξηρότης
1360 2554 1399 2620 οῦ
1418 2569 1452 2618 ιο

154 2663 452 2748 καταναλισκομίνη
475 2662 543 2727 ῦπὸ
566 2663 627 2728 τοῦ
646 2661 765 2748 πυρός·
789 2663 893 2726 ταῦτα
910 2661 947 2724 δέ
962 2665 1149 2726 συνίσταται
1165 2662 1248 2746 πρὸς
1264 2659 1398 2743 ἄλληλα.

153 2769 192 2830 τό
207 2766 267 2850 μὲν
282 2756 342 2834 οῦν
358 2766 507 2831 ἐσωτάτω
523 2766 761 2850 καταφραχθὲν
775 2770 845 2852 πῦρ
860 2766 913 2828 καὶ
929 2764 1084 2830 πλεῖστόν
1099 2763 1165 2828 ἐστι
1180 2764 1234 2827 καὶ
1249 2766 1400 2846 μεγίστην

153 2871 217 2957 τήν
245 2871 397 2948 διέξοδον
424 2870 612 2955 ἐποιήσατο.
657 2870 813 2934 πλεῖστον
848 2869 910 2956 γάρ
943 2869 980 2932 τό
1009 2867 1112 2951 ῦγρόν
1138 2867 1286 2932 όνταῦθα
1311 2865 1398 2949 ἐνῆν,

154 2975 236 3058 ὅπερ
258 2976 362 3060 κοιλίη
380 2974 539 3050 καλεῖται,
563 2975 617 3036 καί
638 2965 788 3049 ἐξέπεσεν
810 2971 976 3048 ἐντεῦθεν,
999 2970 1071 3034 ἐπεὶ
1093 2971 1153 3035 οῦκ
1174 2972 1239 3052 είχε
1261 2969 1396 3054 τροφήν,

154 3077 216 3154 ἔξω
238 3080 292 3142 καλ
315 3078 492 3164 ἐποιήσατο
515 3077 575 3143 τοῦ
598 3076 783 3159 πνεύματος
807 3076 977 3152 διεξόδους
999 3077 1052 3139 καὶ
1075 3075 1202 3162 τροφῆς
1224 3072 1399 3156 ἐπαγωγὴν
1418 3087 1451 3135 25

154 3183 209 3244 καὶ
233 3182 430 3270 διάπεμψιν.
476 3181 514 3245 τό
538 3180 575 3244 δὲ
597 3179 819 3245 ἀποκλασθὲν
840 3179 873 3254 ἐς
894 3180 979 3263 <τό>
1000 3179 1082 3244 ἄλλο
1107 3184 1200 3261 σῶμα
1229 3176 1399 3259 περιόδους

153 3285 332 3360 ἐποιήσατο
364 3285 508 3372 τρισσάς·
542 3287 624 3371 ὅπερ
657 3271 698 3368 ἦν
729 3282 912 3370 ὑγρότατον
943 3291 1002 3347 τοῦ
1035 3282 1154 3367 πυρός,
1189 3281 1224 3345 έν
1256 3278 1399 3343 τούτοισι

154 3399 239 3453 τοίσι
260 3393 418 3474 χωρίοισι,
442 3395 560 3463 αἵτινες
576 3389 690 3473 φλέβες
712 3387 881 3451 καλέονται
902 3385 1051 3467 κοίλακ
1053 3430 1375 3448 ...........
1379 3386 1400 3462 >

155 3493 189 3567 ἐς
212 3492 313 3556 δὲτὰ
339 3496 422 3575 μέσα
450 3493 576 3557 τούτων
597 3492 634 3555 τό
657 3490 922 3572 ἀπολειπόμενον
944 3490 1003 3553 τοῦ
1026 3489 1145 3562 ῦδατος
1167 3484 1399 3567 συνιστάμενον

155 3596 330 3680 πήγνυται,
355 3598 437 3681 ὅπερ
460 3597 603 3660 καλεῖται
626 3594 747 3680 σάρκες,
1417 3599 1451 3649 30
1489 3681 1491 3684 ¹

659 3703 707 3780 (c.
733 3697 896 3777 25-35.>

245 3977 268 4028 l.
286 3975 345 4034 ἑνός
362 3975 399 4028 Μ.
417 3976 530 4032 τίνοςδ.
562 3974 602 4028 14.
620 3972 689 4042 ξηρῷ
706 3972 774 4025 δΜ.
792 4000 827 4010 -
845 3972 893 4021 οῦκ
905 3971 1074 4021 ἀναλίσκεται
1085 3969 1122 4022 Μ.
1156 3969 1194 4022 16.
1207 3965 1399 4035 ἐπονομάζωσι

155 4064 195 4118 Μ.
236 4063 277 4119 18.
300 4063 328 4113 τδ
352 4061 456 4131 στερεὸν
478 4061 524 4112 καὶ
546 4061 626 4127 ξηρόν
649 4059 686 4113 Μ.
730 4059 772 4112 22.
796 4059 848 4110 ἔστι
870 4095 876 4108 .
896 4094 902 4108 .
922 4094 928 4107 .
948 4095 954 4108 .
973 4093 979 4107 .
999 4093 1005 4106 .
1029 4055 1167 4119 ἐποιήσατο
1191 4072 1245 4109 om.
1268 4056 1297 4108 θ.
1338 4052 1399 4106 Der

154 4149 308 4205 Sohreiber
330 4150 400 4218 ging
421 4165 479 4203 von
502 4147 625 4198 πλεῖστον
647 4164 682 4198 zu
705 4146 828 4196 πλεῖστον
848 4144 919 4198 fiber
942 4142 1008 4211 (wie
1027 4141 1096 4211 oft);
1118 4159 1184 4196 man
1206 4144 1312 4194 miisste
1337 4138 1399 4194 also

154 4253 245 4308 sagon
270 4238 324 4288 ἔστι
342 4271 451 4286 .....
474 4234 597 4285 πλεῖστον
619 4249 672 4287 om.
695 4235 724 4299 θ,
747 4232 823 4285 deun
846 4230 893 4284 fiir
916 4230 1038 4281 πλεῖστον
1060 4228 1170 4283 ευτλιόλτ
1193 4231 1215 4277 δ
1235 4226 1292 4277 ἀνω
1311 4224 1399 4294 (wohl

154 4328 280 4393 ερόιετε,
299 4319 425 4374 εἰυυΙοεο
442 4319 617 4388 Ergiinzung
636 4318 686 4371 des
704 4315 822 4384 δεῖσεν).
858 4313 974 4383 28.vg1.
995 4311 1022 4368 S.
1044 4315 1101 4367 101.

1159 4415 1190 4468 S*
